2164 3724
362 271 458 336 398
1033 265 1308 316 INDEX.

361 428 548 474 Missum
571 427 917 486 Redemptorem
939 425 1043 486 polo

362 511 518 557 Molles
540 511 588 555 in
609 525 743 574 agnos
765 525 844 555 ceu
865 509 986 566 lupus
1054 543 1066 554 .

363 593 559 648 Montes,
581 594 812 653 superbum
833 592 1039 638 verticem

364 676 567 730 Mortale,
592 675 713 721 coelo
735 675 853 732 tolle,
875 689 1028 737 genus,
1050 681 1176 734 caput

365 759 525 804 Mundi
550 757 656 804 salus
680 757 751 818 qui
774 757 952 802 nasceris
1046 793 1056 803 .

364 891 444 955 Nil
466 891 658 936 laudibus
677 890 828 935 nostris
850 904 951 952 eges
1045 925 1056 936 .

364 974 505 1021 Nobis
527 974 723 1033 Olympo
746 954 934 1019 redditus

366 1058 475 1103 Non
498 1057 673 1103 abluunt
696 1055 899 1116 lymphae
923 1057 1070 1102 Deum

366 1140 474 1185 Non
496 1148 615 1199 parta
637 1139 729 1184 solo
750 1139 958 1202 sanguine
1053 1175 1064 1185 .

364 1223 473 1269 Non
495 1238 604 1268 vana
621 1223 823 1267 dilectum
846 1236 1027 1284 gregem
1060 1256 1072 1267 .

371 1307 569 1353 Noxium
594 1306 785 1352 Christus
807 1305 935 1351 simul
957 1305 1150 1350 introivit
1207 1339 1218 1350 .

371 1390 503 1436 Nunc
530 1390 613 1435 suis
635 1390 813 1434 tandem
835 1402 970 1434 novus
993 1403 1017 1433 e
1039 1388 1208 1434 latebris
1228 1433 1231 1437 .

372 1517 414 1563 O
439 1516 623 1572 Christe,
648 1516 722 1577 qui
746 1523 890 1562 noster
910 1516 998 1574 poli
1057 1552 1067 1562 .

377 1600 420 1646 O
446 1601 542 1644 fons
567 1599 739 1653 amoris,
763 1599 939 1658 Spiritus

376 1683 419 1728 O
444 1682 580 1736 fortis,
605 1682 647 1726 O
673 1682 864 1727 clemens
890 1682 1008 1727 Deus
1065 1716 1076 1727 .

376 1766 418 1811 O
438 1767 533 1825 jam
556 1766 695 1820 beata,
713 1780 822 1824 quae
845 1780 920 1810 suo

377 1849 419 1894 O
445 1848 537 1892 luce
561 1863 669 1907 quae
691 1856 764 1892 tua
786 1847 886 1892 lates
922 1881 932 1892 .

379 1931 421 1976 O
448 1932 538 1975 luce
563 1930 636 1990 qui
654 1930 902 1976 mortalibus

382 2013 602 2059 Omnibus
624 2021 773 2058 manat
795 2028 916 2059 cruor
937 2027 1036 2058 ecce
1060 2013 1179 2058 venis
1219 2047 1230 2058 .

385 2095 654 2154 Opprobriis,
677 2095 795 2152 Jesu,
818 2104 929 2140 satur

381 2180 424 2225 O
440 2180 633 2245 pulchras
657 2180 781 2234 acies,
806 2187 1019 2239 castraque
1043 2179 1168 2224 fortia
1223 2213 1235 2224 .

382 2264 503 2324 Opus
525 2263 724 2326 peregisti
751 2273 875 2309 tuum
922 2299 934 2310 .

384 2351 426 2395 O
455 2363 586 2410 quam
606 2350 727 2408 juvat
750 2348 910 2401 fratres,
934 2349 1054 2392 Deus
1081 2383 1090 2393 .

387 2432 429 2476 O
454 2431 528 2490 qui
552 2439 644 2483 tuo,
668 2431 755 2475 dux
779 2430 1023 2489 Martyrum
1079 2464 1090 2473 .

388 2517 430 2561 O
460 2515 530 2575 qui
550 2523 774 2574 perpetuus
792 2529 869 2559 nos
891 2514 1084 2559 monitor
1106 2514 1231 2558 doces
1298 2498 1301 2499 ⁷
1369 2547 1378 2556 .

388 2598 509 2643 Orbe
532 2611 645 2640 nunc
668 2604 763 2640 toto
785 2595 1049 2641 celebrentur
1069 2595 1202 2639 ambo
1224 2630 1232 2639 .

390 2681 432 2725 O
459 2680 734 2726 Sacerdotum
757 2680 996 2725 veneranda
1013 2681 1108 2738 jura

391 2764 433 2808 O
458 2771 600 2807 sancte
624 2762 876 2808 Sanctorum
902 2763 1021 2808 Deus
1069 2799 1078 2809 .

393 2845 435 2890 O
461 2844 659 2903 splendor
682 2847 842 2890 aeterni
865 2846 1000 2890 Patris
1073 2881 1082 2890 .

393 2927 437 2974 O
461 2927 597 2989 virgo,
620 2935 765 2985 pectus
789 2929 854 2973 cui
877 2943 1042 2973 sacrum
1070 2965 1078 2974 .

394 3012 437 3057 O
462 3026 538 3056 vos
561 3024 661 3054 cum
685 3012 855 3058 citharis
879 3013 1000 3057 dulce
1027 3011 1274 3058 sonantibus

394 3143 602 3189 Panditur
624 3158 726 3190 saxo
750 3146 939 3190 tumulus
961 3152 1132 3190 remoto
1229 3178 1239 3188 .
