2164 3724
778 282 1084 363 P'zbfgzhunz.
1613 306 1726 362 199

274 446 502 520 Sponsa
546 444 754 502 dilecto
797 446 1075 521 placitura
1119 448 1368 524 SponSO,

270 527 530 603 Despicit
572 537 803 602 ruptum
846 529 1056 587 laniata
1098 549 1340 607 corpus:

274 610 376 667 Est
421 628 557 667 suus
601 611 814 668 truncis
857 611 1044 670 honor
1085 624 1141 670 et
1183 623 1451 672 venustas

435 692 540 750 Est
585 711 688 749 sua
729 694 1023 752 membriS.

275 856 482 914 Omnis
526 875 560 913 a
603 865 758 914 recto
802 857 925 914 fluit
968 858 1058 916 ille
1103 860 1407 934 splendor:

274 938 516 1009 Christe,
562 940 643 996 sic
688 939 828 996 olim
873 959 1042 998 cruce
1085 951 1283 1000 tensus
1329 943 1456 1012 alta,

274 1021 621 1096 Obsequens
665 1021 834 1092 Patri,
879 1023 1099 1082 laceros
1144 1025 1413 1100 placebas

440 1104 727 1161 Horridus
773 1115 943 1163 artus

278 1269 519 1326 Summa
562 1269 685 1326 laus
730 1269 898 1340 Patri,
942 1271 1256 1346 genitoque
1300 1273 1499 1331 Verbo
1520 1293 1532 1342 ;

275 1351 347 1408 Et
392 1353 491 1408 tibi
536 1370 791 1426 compar,
836 1355 1129 1429 utriusque
1175 1355 1411 1414 Nexus:

275 1434 388 1490 Fac
433 1435 532 1491 tibi
577 1454 806 1509 semper
849 1436 1179 1510 placeamus
1223 1439 1322 1495 uni

441 1517 703 1575 Moribus
748 1520 962 1593 aequis.

620 1848 744 1905 Pro
788 1870 893 1906 non
936 1849 1215 1923 Marlyre.

438 2084 722 2142 Coelestis
766 2084 895 2140 aula
937 2083 1239 2159 panditur:

438 2167 529 2222 En
575 2185 824 2241 sponsus
847 2186 862 2237 3
916 2185 1121 2225 omnes
1166 2167 1369 2224 obviae

437 2250 605 2306 ¹Exite
652 2249 883 2324 Sponso
926 2249 1168 2324 Virgini,

451 2332 632 2401 Exite,
680 2350 930 2406 sponsae
976 2332 1263 2406 Virgines.

445 2496 609 2554 Haec
654 2497 923 2571 nuptialis
968 2506 1054 2553 est
1098 2497 1238 2565 dies,

443 2578 628 2649 Quae,
675 2580 850 2653 longa
892 2589 1025 2654 post
1070 2579 1326 2652 suspiria,

444 2661 558 2717 Dat
602 2663 891 2731 omnibus,
939 2662 1035 2718 dat
1081 2661 1318 2735 singulis

442 2742 573 2818 Jam
620 2744 843 2818 plenius
888 2743 995 2799 frui
1041 2743 1187 2800 Deo.

444 2907 610 2977 Quae
656 2919 814 2965 casta
857 2909 1019 2965 vobis
1063 2908 1289 2981 gaudia,

443 2989 611 3059 Quos
658 2991 809 3047 afflet
854 2991 1033 3065 igneS,
1079 2990 1281 3047 dicite:

446 3073 538 3127 Ab
583 3091 680 3129 ore
725 3074 887 3148 cujus
933 3074 1126 3147 purior

448 3153 702 3212 Torrens
748 3156 1008 3231 voluptas
1038 3155 1253 3212 effluit?
