2164 3724
540 286 617 346 In
659 286 822 346 Festo
868 287 1179 347 erbzzyatztv.

142 456 396 513 Persona
435 453 673 528 triplex:
716 471 832 510 una
869 454 1060 529 jungit
1103 454 1327 526 UnitaS,

143 539 212 595 In
255 537 420 594 Patre
465 553 694 610 semper
737 534 925 593 Natus
942 555 958 607 ς
1003 537 1063 593 in
1106 536 1264 596 Nato
1306 538 1474 597 Pater
1491 560 1504 611 ;

140 621 398 695 Uterque
442 621 606 676 sacro
649 636 879 693 semper
921 628 1008 676 est
1048 620 1108 676 in
1153 620 1401 696 Spiritu;

141 704 211 759 In
254 702 420 759 Patre
460 718 706 776 semper,
748 701 925 776 inque
967 701 1126 759 Nato
1172 702 1431 779 Spiritus

143 867 259 925 Sed
300 865 488 923 nullus
531 865 738 922 horum
782 865 1097 940 quemlibet
1139 867 1327 938 vincit,
1371 870 1554 944 gradu

139 949 250 1007 Vel
291 949 477 1024 major
520 957 689 1018 extat,
733 948 818 1004 vel
863 949 1020 1023 prior
1060 951 1351 1023 potentia:

138 1032 398 1108 Aequale
438 1047 700 1105 regnum,
742 1049 964 1106 parque
1004 1031 1279 1107 majestas
1321 1034 1508 1105 trium,

139 1116 322 1189 Origo
364 1113 503 1170 nulli
545 1113 775 1188 dignius
822 1113 1042 1171 confert
1083 1115 1322 1173 bonum.

141 1279 360 1336 Rerum
405 1287 637 1343 creator,
682 1277 807 1335 laus
849 1279 969 1349 tibi,
1013 1280 1207 1338 vivens
1252 1279 1451 1338 Pater:

142 1361 297 1418 Laus
341 1379 542 1436 aequa,
587 1361 873 1417 mundum
918 1363 1016 1436 qui
1057 1363 1316 1434 redemit,
1361 1364 1537 1420 Filio:

143 1444 281 1515 Quo
323 1462 430 1500 nos
476 1441 737 1518 supernis
781 1444 1011 1519 ignibus
1057 1446 1474 1516 succendimur,

142 1526 399 1601 Compar
441 1527 500 1582 in
543 1545 750 1583 aevum
794 1527 1040 1584 Flamini
1083 1529 1153 1586 sit
1195 1529 1393 1603 gloria.

666 1889 756 1930 AD
802 1888 1074 1935 LAUDES.

388 2096 444 2153 O
489 2095 614 2152 luce
658 2114 807 2170 quae
849 2105 947 2152 tua
989 2095 1148 2166 lateS,

389 2177 568 2235 Beata
610 2196 841 2252 semper
885 2177 1155 2250 TrinitaS,

388 2261 479 2317 Te
524 2261 880 2325 confitemur,
927 2262 1231 2327 credimus,

388 2342 609 2418 Pioque
653 2343 827 2400 corde
872 2346 1217 2418 quaerimus.

388 2509 444 2566 O
489 2519 685 2565 sancte
732 2519 1062 2566 sanctorum
1106 2509 1305 2566 Pater!

389 2591 444 2647 O
490 2591 640 2647 Nate
686 2592 757 2648 de
802 2591 933 2648 Deo
978 2591 1174 2649 Deus!

389 2672 446 2729 O
490 2675 736 2730 caritatis
781 2673 1088 2738 vinculum,

387 2753 650 2829 Jungens
694 2766 1017 2831 utrumque,
1066 2756 1339 2831 Spiritus!

389 2916 469 2973 Ut
512 2936 574 2975 se
615 2917 768 2976 videt
810 2929 996 2977 totum
1039 2921 1221 2992 Pater,

392 3000 624 3057 Coaeva
667 3001 863 3059 Proles
907 3004 1156 3061 nascitur
1178 3024 1192 3076 ;

392 3083 690 3158 Amorque
735 3102 852 3159 quo
898 3105 958 3143 se
1004 3086 1261 3162 diligunt,

392 3164 465 3222 Et
509 3167 632 3240 ipse
676 3168 936 3242 procedit
979 3168 1157 3228 Deus,

1291 3272 1337 3310 H
1374 3274 1402 3310 2

1603 315 1677 368 99
