2164 3724
548 214 626 274 In
675 216 739 274 T
725 219 1207 296 ranfiguralz'one.
1291 250 1300 253 ·

401 379 518 438 Hic
562 390 648 439 est
692 381 973 458 Magister
1015 390 1294 462 omnium,

400 463 595 535 Quem
636 482 855 539 pronus
899 469 1054 527 orbis
1085 472 1307 533 audiat.

401 546 589 616 Silete,
632 548 936 606 mortales:
995 550 1159 612 Deus

397 627 517 699 Qui
558 647 667 686 nos
710 629 895 700 docet,
940 632 1089 690 fatur
1129 636 1308 698 Deus.

401 791 534 862 Qui,
580 794 734 850 nube
775 804 959 869 rupta,
1006 807 1062 855 te
1103 801 1298 874 palam

398 873 618 932 Natum
659 878 900 947 vocavit,
944 879 1068 939 laus
1112 882 1299 955 Patri;

399 955 651 1032 Tibique
695 958 753 1015 N
757 968 885 1030 at03
944 980 1052 1020 nec
1095 967 1285 1025 minor

399 1037 555 1098 Laus
596 1041 890 1117 utriusque
935 1044 1195 1106 Flamini.

533 1388 623 1429 AD
675 1388 981 1433 OFFICIUM
1030 1393 1218 1437 NOCT.

400 1589 595 1661 Quam
639 1610 747 1649 nos
790 1603 1051 1668 potenter
1095 1598 1304 1656 allicis!

398 1673 505 1742 Te,
552 1673 794 1745 Christe,
839 1679 1074 1751 quando
1118 1681 1355 1756 detegis,

396 1755 503 1825 Te,
549 1758 787 1831 quando
828 1760 995 1830 celas,
1042 1764 1314 1835 providus

396 1838 583 1896 Nobis
625 1858 914 1916 peraeque
958 1845 1226 1903 consulis.

398 2002 512 2060 Hic
556 2022 663 2060 nos
707 2006 945 2081 adoptat
988 2008 1151 2078 filios,

394 2085 511 2155 Qui
554 2096 609 2142 te
652 2090 874 2145 vocavit
918 2090 1123 2147 Filium
1141 2111 1155 2161 3

397 2168 655 2242 Sponsor
698 2170 917 2229 futurae
959 2174 1175 2248 gloriae

394 2250 510 2307 Dat
554 2262 708 2308 certa
748 2255 918 2312 nobis
960 2257 1220 2330 pignora.

397 2415 447 2470 E
490 2417 643 2472 nube
688 2418 843 2492 quid,
890 2418 1073 2489 Pater,
1120 2422 1373 2494 probas?

395 2497 486 2554 De
530 2510 744 2569 monte,
791 2501 910 2570 Fili,
957 2503 1096 2576 quid
1140 2503 1357 2560 doces?

397 2579 631 2637 Umbris
675 2584 876 2655 procul
920 2585 1273 2655 cedentibus,

395 2662 674 2719 Restabat
716 2683 832 2721 una
873 2668 1094 2724 veritas.

396 2826 475 2882 >Ut
515 2827 677 2901 jussa
719 2827 900 2886 Patris
945 2831 1185 2906 impleas

400 2908 713 2966 Mactanda
754 2911 975 2968 mundo
1018 2915 1260 2983 victima,

400 2991 671 3047 Formam
714 3012 1013 3052 resumens
1055 2998 1370 3071 pristinam,

402 3073 734 3131 Mortalitati
777 3077 1049 3136 redderis.

1581 247 1687 300 141
