2228 3730
722 293 900 352 Feria
957 292 1016 350 V.

391 459 576 518 Menti
620 459 724 516 sed
767 469 1030 517 aeternae
1074 459 1235 517 cibus

388 542 646 600 Debetur
689 541 860 598 alter:
906 541 1051 599 haec
1096 541 1210 599 Dei

391 624 669 682 Sermone
712 624 877 680 vivit:
922 624 1072 681 hanc
1114 624 1268 682 fovet

390 706 670 764 Coelestis
713 715 770 763 et
818 707 991 763 nutrit
1034 707 1194 764 fides.

390 840 669 911 Quaesita
712 837 924 897 Christi
968 842 1248 915 sanguine

388 922 647 980 Manavit
690 922 750 978 in
791 932 969 980 terras
1013 923 1175 993 fides,

383 1005 459 1062 Et
501 1005 808 1079 impiarum
850 1015 1086 1080 pectora

384 1087 602 1144 Victrix
647 1088 874 1162 subegit
916 1090 1191 1162 gentium.

386 1220 508 1277 Fax
552 1220 646 1276 illa
688 1221 843 1295 puris
889 1221 1159 1277 cordibus

386 1302 711 1359 Monstrare
756 1303 951 1359 coelos
997 1303 1215 1372 efficax,

384 1386 637 1442 Aeterna
681 1385 870 1459 dignis
915 1385 1111 1441 incitat

384 1468 572 1524 Factis
616 1468 820 1524 mereri
863 1469 1134 1542 praemia.

386 1599 579 1655 Sancti
622 1599 874 1667 leonum,
922 1617 1024 1673 per
1068 1599 1262 1668 fidem,

384 1681 637 1738 Mulsere
681 1681 938 1755 rugitus:
991 1691 1178 1738 truces

381 1763 625 1837 Fregere
670 1773 1015 1837 regnantum
1059 1765 1278 1832 minas;

383 1845 583 1902 Risere
629 1846 931 1903 stridentes
976 1864 1168 1920 rogos,

382 1979 514 2034 Hae
559 1979 685 2035 luce
730 1980 1036 2053 signatum,
1083 1980 1260 2049 DeuS‚

381 2060 626 2120 Calcare.
663 2061 819 2118 dona
862 2063 1166 2132 tramitem,

386 2144 453 2199 Et
498 2144 743 2200 caritatis
787 2146 993 2201 uberes

382 2226 622 2283 Fructus
667 2227 860 2283 eundo
906 2247 1155 2302 carpere.

380 2359 510 2415 Deo
554 2359 705 2416 Patri
751 2361 820 2416 sit
865 2360 1062 2434 gloria,

379 2442 636 2516 Ejusque
682 2443 787 2499 soli
831 2442 990 2510 Filio,

383 2524 594 2581 Sancto
641 2525 807 2581 simul
853 2544 986 2581 cum
1034 2523 1260 2598 Spiritu,

380 2606 567 2675 Nunc,
615 2618 669 2663 et
713 2626 814 2682 per
858 2626 1031 2662 omne
1078 2607 1348 2662 seculum.

650 2822 740 2861 AD
797 2820 1066 2861 LAUDES.

379 2926 602 2999 Dignas
647 2926 790 2999 quiS,
838 2925 892 2982 O
938 2925 1115 2991 Deus,
1161 2925 1261 2979 tibi

380 3008 611 3064 Laudes
656 3009 950 3082 rependat,
998 3009 1094 3082 qui
1139 3017 1238 3062 tuo

380 3091 548 3147 Pellis
592 3092 855 3148 tenebras
900 3091 1130 3157 lumine,

380 3173 586 3230 Salutis
631 3183 687 3234 et
731 3183 1017 3230 monstras
1062 3173 1252 3228 viam?

1303 3269 1338 3310 c
