2164 3724
420 228 492 282 62

761 223 837 281 In
879 221 1190 280 Dominicis·
1229 241 1266 278 a
1308 220 1711 300 Ssptuagesz'ma

747 387 973 445 Delicta
1013 386 1440 462 poenitentibus

747 470 1020 528 Clemens
1062 470 1316 540 relaxas;
1361 470 1660 544 improbos

748 552 945 610 Vocas
989 561 1303 621 morantes,
1349 561 1404 608 et
1447 553 1597 609 viam

746 634 970 691 Erroris
1014 652 1186 708 urges
1228 635 1500 709 linquere.

751 797 950 855 Scelus
995 798 1320 868 remordet;
1366 799 1568 857 intimo

746 881 952 937 Pectus
993 880 1192 937 dolore
1237 881 1543 937 scinditur:

744 962 960 1020 Ultoris
1002 972 1059 1019 et
1100 972 1290 1037 partes
1334 962 1446 1020 Dei

744 1044 992 1102 Exercet
1035 1046 1095 1101 in
1138 1054 1320 1102 semet
1362 1062 1597 1104 nocens.

743 1207 939 1265 Vitare
982 1209 1183 1283 plagas
1228 1209 1502 1266 admonet

743 1291 936 1365 Aegre
978 1300 1209 1365 recepta
1252 1291 1463 1348 sanitas
1482 1311 1496 1362 ;

744 1373 820 1430 Et
861 1374 1162 1430 arctiorem
1207 1392 1479 1430 sensuum

744 1455 1023 1513 Hortatur
1065 1455 1139 1512 ad
1183 1456 1520 1514 custodiam.

743 1620 953 1676 Divina
995 1638 1114 1676 non
1159 1620 1474 1676 scrutabilis

744 1702 799 1760 O
844 1703 1082 1759 altitudo
1126 1703 1359 1758 consili!

746 1784 838 1841 Sic
882 1785 969 1841 vel
1012 1784 1296 1841 malorum
1341 1785 1611 1858 providus

743 1867 957 1923 Educis
1002 1885 1033 1922 e
1079 1867 1207 1922 sinu
1249 1867 1419 1922 bona.

743 2031 821 2086 At
865 2029 1163 2086 obstinatis
1207 2029 1493 2086 vindicem

742 2114 894 2170 Iram
936 2130 1225 2168 reservas:
1271 2113 1545 2185 mergitur

748 2195 1037 2252 Scelestus
1081 2194 1236 2250 orbis
1259 2213 1273 2264 ;
1318 2195 1522 2250 unicus

742 2277 872 2333 Noe
917 2285 1204 2351 superstes
1247 2276 1460 2350 effugit.

741 2440 874 2510 Hic,
917 2458 1127 2514 praeco
1170 2440 1571 2513 poenitentiae,

742 2523 894 2579 Novi
938 2532 1230 2597 sequester
1272 2521 1534 2586 foederiS,

743 2605 1004 2661 Servator
1046 2606 1201 2661 orbis
1245 2612 1299 2659 et
1343 2623 1567 2678 parens,

741 2687 951 2744 Christi
992 2687 1234 2761 figuram
1276 2686 1553 2760 praetulit.

742 2850 823 2906 Sit
866 2850 989 2906 laus
1035 2850 1202 2919 Patri,
1247 2850 1369 2906 laus
1415 2850 1593 2920 Filio;

740 2931 1064 3006 Utrumque
1108 2933 1206 3006 qui
1248 2933 1427 2989 nectis
1472 2932 1648 3000 Deus,

737 3012 978 3087 Utrique
1024 3033 1276 3088 compar,
1323 3016 1392 3070 sit
1434 3014 1534 3069 tibi

740 3094 894 3151 Laus
939 3098 1302 3170 sempiterna,
1351 3096 1605 3169 Spiritus.
