2164 3724
475 207 584 258 208
718 283 722 286 .
864 202 938 259 In
991 202 1100 278 Off.
1147 202 1520 261 Dedz'catz'onzls·
1561 205 1691 262 Ecc,

631 366 810 442 Cujus
855 368 915 422 in
959 367 1122 424 coelo
1165 367 1403 425 thronus
1449 378 1535 426 est
1578 371 1860 444 perenniS,

631 449 833 505 Incolit
877 467 1114 523 parvam
1156 448 1316 507 Deus
1361 450 1504 509 altus
1550 451 1787 508 aedem:

628 530 743 587 Hie
788 531 1057 588 adorator
1100 531 1208 588 sibi
1250 533 1493 607 quisque
1539 533 1737 590 sedem

790 612 1096 687 Praeparat
1141 615 1320 671 astris.

626 776 831 833 Nullus
875 776 1023 834 hanc
1067 779 1235 835 turbo
1280 779 1476 852 quatit,
1522 780 1780 835 irruentis

621 858 794 915 Nulla
837 859 919 916 vis
963 860 1158 930 nimbi,
1205 861 1457 934 rapidive
1502 861 1740 918 fluctus:

626 940 794 997 Cedit
837 940 985 997 hanc
1029 952 1226 998 contra
1270 942 1424 998 furor
1467 943 1779 1000 inferorum

786 1023 979 1080 Irritus
1023 1026 1228 1081 omnis.

619 1186 773 1243 Laus
818 1187 964 1256 Deo,
1010 1188 1200 1257 virtuS,
1247 1187 1448 1258 honor,
1495 1199 1550 1245 et
1593 1198 1846 1263 potestas

620 1268 751 1324 Una
795 1270 863 1326 sit
909 1269 1074 1339 Patri,
1120 1270 1397 1344 parilique
1444 1270 1632 1328 Proli:

620 1350 728 1406 Par
773 1352 843 1408 sit
888 1353 1193 1408 amborum
1237 1353 1338 1408 tibi
1382 1371 1565 1410 nexus
1610 1354 1786 1419 omni,

785 1433 1041 1508 Spiritus,
1089 1453 1245 1491 aevo.

1059 1864 1149 1905 AD
1197 1865 1466 1907 LAUDES.

776 2067 931 2123 Urbs
976 2069 1158 2139 beata,
1204 2088 1335 2126 vera
1379 2074 1535 2145 pacis

773 2150 952 2218 Visio,
999 2150 1334 2225 Jerusalem,

775 2231 1009 2302 Quanta
1053 2234 1261 2308 surgit!
1309 2236 1462 2292 celsa
1507 2240 1657 2294 saxis

782 2314 1062 2371 Conditur
1104 2317 1419 2375 viventibus
1446 2338 1457 2374 ;

771 2396 939 2466 Quae
983 2398 1193 2471 polivit,
1239 2399 1380 2456 haec
1425 2412 1652 2475 coaptat

773 2478 1017 2535 Sedibus
1064 2481 1179 2536 suis
1224 2480 1402 2539 Deus.

772 2643 1020 2717 Singulis
1065 2662 1135 2699 ex
1180 2647 1498 2720 margaritis

771 2724 1039 2799 Singulae
1084 2737 1281 2799 portae
1326 2729 1537 2785 nitent:

768 2806 970 2863 Murus
1012 2810 1205 2864 omnis
1250 2810 1428 2884 fulget
1473 2829 1627 2879 aurO,

768 2888 970 2962 Fulget
1013 2891 1321 2949 unionibus
1349 2912 1359 2947 :

766 2969 1073 3045 Angularis
1118 2983 1278 3046 petra
1322 2973 1580 3031 Christus

766 3052 992 3109 Fundat
1036 3056 1191 3112 urbis
1237 3056 1480 3112 moenia.
