2164 3724
473 220 584 275 130
950 198 1062 272 SS.
1106 198 1276 257 Petri
1309 207 1360 258 et
1395 199 1588 261 Pauli.

639 365 720 422 Sit
764 364 1116 439 sempiterno
1159 365 1504 441 sempiterna
1545 366 1668 424 laus
1712 365 1894 424 Patri:

637 447 807 504 Petro
851 464 1132 520 supernus
1175 465 1351 522 quem
1391 449 1655 506 revelavit
1698 449 1880 518 Pater,

635 530 884 602 Aeterne
926 527 1048 598 Fili,
1095 529 1216 588 laus
1259 530 1360 586 tibi
1403 530 1474 587 sit
1514 531 1800 588 maxima:

639 611 720 668 Sit
762 629 866 685 par
910 628 1181 685 supremo
1224 612 1347 680 laus
1391 612 1682 689 decusque
1725 613 1984 669 Flamini.

867 969 959 1013 AD
1002 966 1328 1010 SECUNDAS
1375 966 1697 1011 VESPERAS.

562 1189 832 1247 Tandem
874 1189 1154 1258 laborum,
1198 1188 1433 1263 gloriosi
1474 1188 1762 1263 principes

561 1272 835 1329 Fructum
875 1271 1112 1328 tenetis:
1172 1270 1306 1327 fana
1345 1271 1564 1344 passim
1607 1280 1910 1328 corruunt:

562 1354 720 1425 Quin
762 1355 888 1430 ipsa
929 1354 1039 1410 late
1084 1352 1277 1409 Roma
1317 1353 1512 1409 victrix
1555 1353 1827 1427 gentium,

565 1436 637 1493 Se
683 1435 1010 1493 Christiano
1049 1436 1169 1510 jam
1213 1444 1402 1509 stupet
1445 1435 1613 1492 subdi
1651 1436 1809 1510 jugO.

565 1601 751 1658 Saevit
796 1599 1136 1674 Tyrannus;
1196 1608 1252 1655 at
1293 1598 1641 1673 triumphant
1683 1599 1975 1656 victimae:

566 1683 725 1740 Alter
767 1701 870 1757 per
914 1701 1113 1740 ensem
1156 1682 1349 1750 victor,
1395 1681 1533 1737 alter
1574 1700 1677 1755 per
1719 1700 1963 1749 crucem,

570 1765 751 1822 Coelo
795 1782 1070 1821 coronam
1114 1764 1346 1820 laureati
1387 1764 1686 1837 possident
1704 1783 1718 1833 3

567 1847 869 1921 Fususque
914 1847 1147 1920 sanguis
1192 1845 1546 1902 Christianos
1591 1845 1848 1902 seminat.

571 2010 832 2085 Superba
875 2009 1108 2067 sordent
1152 2007 1430 2066 Caesares
1474 2008 1767 2078 cadavera,

570 2092 752 2162 Queis
794 2092 931 2148 urbs
974 2091 1168 2147 litabat
1211 2090 1370 2164 impii
1414 2090 1596 2147 cultus
1640 2090 1828 2148 ferax:

571 2174 983 2249 Apostolorum
1025 2172 1295 2246 gloriatur
1337 2172 1581 2243 ossibuS‚

572 2257 890 2331 Fixamque
934 2256 1132 2312 adorat
1175 2255 1413 2312 collibus
1458 2255 1574 2311 suis
1617 2273 1861 2312 crucem.

574 2421 628 2475 N
634 2439 745 2476 unc
789 2438 826 2476 o
869 2437 1068 2476 cruore
1109 2427 1419 2492 purpurata
1460 2417 1654 2487 nobili,

575 2502 872 2576 Novisque
915 2501 1047 2557 felix
1093 2500 1285 2556 Roma
1328 2498 1733 2568 conditoribuS,

581 2584 807 2640 Horum
850 2583 1138 2657 trophaeis
1182 2592 1364 2652 aucta,
1409 2591 1624 2656 quanto
1669 2582 1854 2638 verius

580 2666 804 2740 Regina
846 2665 1029 2739 fulges
1073 2665 1212 2722 orbe
1254 2674 1378 2721 toto
1421 2663 1613 2721 civitas
1632 2683 1646 2734 ;

581 2829 661 2884 Sit
705 2830 1054 2903 semipterno
1097 2829 1443 2902 sempiterna
1485 2828 1607 2884 laus
1650 2825 1832 2883 Patri:

582 2910 663 2966 Sit
706 2912 1117 2984 sempiternum
1160 2910 1304 2967 Filio
1348 2910 1529 2967 Patris
1574 2909 1780 2965 decus:

581 2991 698 3060 Qui
741 2994 920 3049 nectis
965 2993 1187 3062 ambos,
1233 3011 1450 3067 aequus
1493 2990 1793 3058 ambobus,
1838 2990 1937 3045 tibi
2025 3007 2029 3012 ·

581 3073 800 3142 Divine‚
848 3075 916 3131 sit
960 3075 1082 3131 laus
1127 3075 1486 3149 sempitema‚
1534 3071 1787 3147 Spiritus.
