2164 3724
849 221 923 277 In
965 217 1289 293 Epiphania
1333 210 1579 270 Domini.

569 390 686 461 Qui
728 389 860 445 fons
901 383 1131 441 luminis
1175 389 1277 450 est,
1322 377 1504 452 gloria
1546 374 1734 430 Patri:

571 472 689 542 Qui
731 471 878 527 miro
921 482 1144 522 recreas
1187 462 1404 519 lumine
1449 466 1667 532 genteS‚

574 553 848 630 Aequalis
891 549 994 606 tibi
1039 547 1110 604 sit
1153 545 1349 620 gloria,
1395 541 1579 597 Nate:

581 638 906 695 Amborum
950 629 1146 688 similis
1189 627 1312 684 laus
1357 625 1426 682 sit
1469 620 1687 679 Amori.

985 992 1074 1033 AD
1125 985 1452 1031 VESPERAS.

579 1206 715 1261 Huc
758 1219 878 1270 VOS,
922 1217 959 1255 o
1001 1195 1227 1253 miseri:
1273 1191 1444 1249 surda
1485 1186 1784 1260 relinquite

580 1287 747 1358 Quae
792 1281 948 1339 caeci
992 1278 1191 1346 colitis,
1236 1283 1511 1347 mutaque
1553 1269 1825 1326 numina:

585 1371 658 1428 Se
702 1366 867 1423 vobis
911 1362 1092 1438 aperit
1136 1357 1438 1434 splendida
1481 1353 1692 1421 civitaS,

748 1447 888 1504 Veri
932 1443 1202 1502 Numinis
1246 1439 1490 1514 hospita.

585 1618 677 1672 En
721 1622 939 1670 vestrae
983 1616 1259 1684 praeeunt
1301 1600 1583 1678 primitiae
1629 1596 1826 1668 Magi:

586 1700 802 1755 Vatum
846 1695 997 1751 dicta
1039 1699 1270 1765 patent:
1319 1683 1637 1741 exitialibus

588 1782 860 1837 Errorum
902 1773 1151 1832 tenebris
1195 1768 1383 1826 obsita
1426 1783 1569 1839 gens
1615 1762 1729 1828 diu,

755 1860 909 1915 Miro
956 1856 1171 1913 lumine
1218 1849 1516 1925 spargitur.

591 2027 788 2083 Ambo
833 2022 914 2084 sic
957 2018 1174 2096 populi,
1221 2009 1595 2072 dissociabilis

596 2110 763 2180 Quos
809 2104 1030 2162 dudum
1073 2100 1260 2176 paries
1305 2101 1546 2168 separat,
1589 2090 1823 2146 unicum

596 2193 664 2247 In
709 2206 919 2263 corpus
965 2192 1189 2242 coeunt.
1276 2179 1412 2234 Hoc
1455 2173 1751 2249 proprium
1798 2171 1978 2227 modo

759 2269 1067 2327 Ambobus
1110 2269 1340 2321 maneat
1383 2257 1593 2314 decus!

598 2439 651 2495 O
699 2453 906 2493 arcana
947 2431 1059 2487 Dei
1103 2426 1369 2485 consilia!
1425 2440 1460 2479 o
1503 2432 1604 2478 tuo

599 2519 916 2576 Deturbata
959 2512 1156 2587 gradu,
1201 2509 1420 2583 primus
1465 2522 1626 2560 amor
1669 2499 1799 2566 Dei,

607 2603 769 2658 Plebs
814 2597 1066 2674 Judaea!
1119 2592 1230 2648 tuis
1273 2588 1454 2664 gloria
1496 2585 1752 2660 gentium

763 2680 1024 2746 Damnis,
1070 2676 1295 2748 vitaque
1339 2669 1603 2727 nascitur.

604 2847 734 2921 Jam
780 2843 969 2899 nativa
1011 2841 1171 2897 oleae
1215 2834 1448 2893 brachia
1492 2829 1778 2894 decidunt,

607 2927 778 2983 Rami
823 2926 1156 2997 degenereS,
1200 2935 1440 2994 germen
1484 2912 1817 2974 adulterum,

608 3009 958 3079 Miraturque
1002 3021 1183 3061 novos
1228 3000 1446 3058 semine
1488 3013 1606 3051 non
1652 3008 1755 3048 suo

768 3089 958 3144 Arbor
1003 3102 1256 3144 crescere
1302 3078 1572 3138 surculos
