2164 3724
631 232 685 292 S
681 232 735 292 S
733 278 745 290 .
789 232 1146 309 Angelorum.

241 396 480 454 Movere
523 397 739 454 bellum
781 398 943 473 pacis
987 399 1047 455 in
1091 399 1243 456 atriis

240 479 488 537 Insanus
531 479 692 536 ardet
735 479 981 549 Lucifer,
1027 491 1083 538 et
1125 483 1264 556 polo

241 562 446 618 Parare
491 562 790 620 dementes
833 563 1026 620 ruinas

237 645 430 719 Atque
474 643 587 701 Dei
631 644 776 702 solio
819 645 1041 702 minari.

240 809 464 865 Invadit
507 809 663 867 idem
705 809 859 866 mille
904 809 1057 868 acies
1101 810 1256 868 furor
1274 830 1289 881 ;

238 891 480 948 Fervent
524 892 772 948 tumultu
815 892 1040 949 sidera:
1093 894 1403 967 grandium

240 973 376 1030 Dux
419 993 631 1049 magne
676 975 976 1044 bellorum,
1025 974 1312 1034 Tonantis

237 1055 377 1131 Jura
420 1057 585 1114 datur
627 1058 728 1113 tibi
772 1058 1074 1115 vindicare.

238 1221 369 1279 Hac
414 1221 721 1296 fulguranti
764 1241 922 1292 voce,
970 1222 1118 1294 Quis
1162 1234 1224 1280 ut
1267 1223 1474 1280 Deus?

236 1304 402 1361 Pellis
448 1306 765 1380 superbos:
821 1315 1084 1364 strenuus
1129 1307 1336 1381 impias

235 1387 462 1444 Vexare
507 1399 739 1458 turmas,
787 1399 842 1445 et
885 1389 1124 1446 rebelles

237 1469 534 1544 Perpetuis
578 1472 816 1546 religare
860 1471 1127 1529 flammis.

237 1635 319 1691 Sit
364 1636 485 1694 laus
532 1636 773 1706 Parenti,
821 1637 920 1711 qui
964 1646 1117 1693 creat
1161 1637 1419 1711 Angelos
1440 1656 1454 1706 ;

236 1718 343 1773 Per
387 1738 562 1793 quem
606 1719 958 1793 triumphant
1001 1720 1182 1794 gloria
1226 1719 1402 1775 Filio:

235 1800 372 1870 Quo
416 1802 756 1858 roborantur
800 1802 922 1859 laus
967 1803 1036 1859 sit
1081 1803 1235 1858 almo

237 1884 499 1957 Spiritui:
551 1885 729 1942 tribus
774 1904 889 1941 una
934 1903 1178 1959 semper.

1240 2012 1266 2045 fl

741 2267 905 2328 OCT.
958 2286 1014 2328 2.

272 2427 371 2483 SS.
418 2425 950 2483 ANGELORUM
999 2419 1482 2481 CUSTODUM.

159 2691 247 2730 AD
296 2689 524 2731 PRIMAS
578 2688 877 2731 VESPERAS
927 2688 1009 2728 ET
1052 2685 1356 2728 OFFICIUM
1408 2685 1597 2724 Nocr.

233 2862 520 2918 Custodes
567 2861 868 2917 hominum
911 2858 1209 2932 psallimus
1253 2857 1529 2930 Angelos,

234 2944 486 3000 Naturae
532 2943 714 3017 fragili
758 2960 904 3016 quos
951 2941 1116 2996 Pater
1161 2939 1377 2996 addidit

233 3026 512 3083 Coelestis
558 3027 815 3094 comites,
863 3023 1260 3080 insidiantibus

417 3109 507 3165 Ne
555 3109 953 3166 succumberet
997 3106 1274 3162 hostibus.
