2164 3724
459 250 479 286 1
495 237 567 302 46
899 228 976 286 In
1018 228 1222 288 Decoll.
1267 228 1330 288 S.
1361 229 1621 307 soannz's.

620 395 702 453 Sit
747 412 976 452 summa
1019 393 1187 464 Patri,
1234 413 1576 472 summaque
1620 397 1783 468 Filio,

622 478 952 551 Sanctoque
996 487 1236 551 compar
1279 478 1460 552 gloria
1504 478 1780 537 Flamini:

622 560 865 616 Sanctae
908 559 1135 616 litemus
1180 559 1446 617 Trinitati

617 641 905 716 Perpetuo
947 642 1044 716 pia
1085 641 1262 699 corda
1304 643 1474 700 cultu,

1065 1014 1154 1057 AD
1203 1015 1472 1058 LAUDES.

624 1204 794 1273 Ecce,
841 1204 1095 1262 saltantis
1139 1203 1384 1278 pretium
1427 1204 1667 1278 puellae,

627 1287 827 1342 Fertur
870 1287 929 1341 in
973 1286 1134 1342 disco
1178 1295 1351 1359 caput
1394 1296 1786 1359 amputatum:

626 1366 793 1425 Haec
837 1368 1142 1425 cruentatis
1185 1386 1335 1424 nova
1376 1367 1740 1442 proferuntur

792 1450 1031 1531 Fercula
1073 1450 1306 1507 mensis,

633 1618 801 1688 Quae
845 1615 1015 1671 rudes
1061 1613 1228 1688 sylvis
1273 1614 1522 1689 populos
1567 1611 1844 1683 docebat,¹

630 1699 797 1770 Quae
841 1697 1035 1753 Deum
1078 1706 1199 1752 tota
1241 1697 1548 1753 resonabat
1592 1696 1734 1763 aula,

629 1780 732 1838 vIlla
774 1799 902 1848 vox,
949 1778 1126 1835 eheu!
1179 1779 1372 1852 gladio
1416 1788 1650 1847 resecta,

793 1862 961 1917 Muta
1004 1861 1203 1917 silebit.

633 2027 859 2084 Occidit
902 2025 1099 2094 Vates,
1146 2034 1201 2080 et
1245 2023 1433 2080 adhuc
1477 2023 1721 2091 timetur,

638 2107 766 2165 Vox
813 2108 935 2165 silet
978 2107 1151 2175 verbi,
1198 2124 1364 2162 cruor
1409 2105 1498 2161 ille
1542 2105 1784 2162 clamat:

638 2192 847 2247 Sancta
889 2189 1119 2246 fraterni
1162 2197 1437 2244 temerata
1480 2188 1659 2261 carpit

795 2272 1055 2328 Foedera
1099 2271 1243 2327 lecti.

638 2437 810 2495 Nube
855 2437 962 2493 sub
1007 2435 1186 2491 densa
1224 2435 1391 2508 jubar
1435 2434 1751 2490 involutum

644 2519 892 2576 Venerat
936 2517 1120 2574 caecis
1165 2517 1384 2590 aperire
1428 2516 1629 2572 seclis:

639 2603 771 2659 Sole
815 2610 1058 2668 maturo,
1103 2599 1252 2654 velut
1295 2598 1514 2667 umbra,
1561 2597 1730 2654 cessit

801 2682 1029 2739 Lucifer
1074 2680 1234 2738 Orbi.

639 2850 878 2903 Summa
921 2847 1042 2903 laus
1087 2845 1255 2914 Patri,
1300 2844 1610 2917 genitoque
1655 2842 1884 2897 Verbo:

643 2929 711 2984 Et
755 2930 855 2984 tibi
899 2946 1152 3002 compar,
1199 2927 1492 3000 utriusque
1535 2936 1716 2980 nexus
1765 2996 1768 2998 Δ

641 3011 880 3084 Spiritus
926 3028 1169 3084 semper,
1215 3008 1376 3065 Deus
1420 3025 1566 3063 unus
1610 3006 1768 3061 omni

805 3092 1115 3166 Temporis
1159 3109 1317 3147 aevo.
