2164 3724
535 269 614 329 In
655 270 725 328 F
715 260 818 328 erlo
867 271 1177 333 Trz‘nz‘lalzk.

371 435 534 493 Dum
575 454 695 494 nox
738 437 911 494 creati
954 437 1184 498 luminis

364 517 548 594 Jubar
589 519 840 576 tenebris
883 520 1090 590 obruit,

373 598 690 675 Splendere
732 611 795 658 tu
836 620 958 658 non
1001 603 1248 675 desinas,

367 682 498 740 Lux
542 684 793 741 increata
833 686 1133 743 mentium.

362 846 462 904 Tu
505 847 693 906 cordis
735 847 952 923 hospes
995 849 1246 922 intimUS‚

357 928 561 987 Dulcis
603 931 867 987 laborum
910 940 972 987 tu
1015 934 1212 1007 quies;

359 1011 456 1068 Tu
498 1013 726 1071 fletibus
770 1032 918 1088 quos
963 1015 1118 1072 elicis

355 1094 564 1153 Divina
605 1096 816 1153 misces
859 1098 1086 1170 gaudia.

353 1259 565 1318 Totius
609 1279 646 1317 o
690 1260 820 1318 fons
864 1263 1097 1335 gratiae,

347 1341 584 1399 Certare
629 1343 703 1399 da
745 1362 854 1401 nos
899 1344 1146 1403 fortiter:

352 1423 719 1483 Certantibus
765 1426 839 1482 da
881 1427 1124 1498 vincere,

346 1506 729 1565 Vincentibus
774 1509 848 1566 da
889 1513 1229 1583 praemium„

347 1671 432 1728 Sit
475 1672 598 1730 laus
642 1672 811 1742 Patri,
856 1673 980 1732 laus
1024 1675 1202 1732 Filio:

341 1754 452 1811 Par
496 1755 567 1812 sit
610 1756 711 1811 tibi
754 1755 894 1826 laus,
944 1756 1204 1831 SpiritUS‚

341 1834 590 1894 Affl'ante
634 1856 752 1912 quo
795 1848 1020 1897 mentes
1066 1843 1240 1899 sacris

340 1918 563 1977 Lucent
606 1930 662 1977 et
704 1921 905 1978 ardent
949 1922 1195 1995 ignibus.

277 2170 371 2226 IN
431 2170 717 2234 FESTO
778 2171 1349 2229 TRINITATIs,

448 2351 538 2392 AD
584 2350 818 2393 PRIMAS
866 2351 1187 2394 VESPERAS.

326 2465 448 2522 Ter
492 2475 703 2536 sancte,
749 2475 833 2522 ter
875 2475 1084 2541 potens
1129 2467 1306 2531 Deus„

247 2562 250 2566 ’
328 2548 820 2623 Incomprehensa
865 2549 1150 2606 Trinitas:

328 2630 384 2687 O
427 2632 524 2686 lux
567 2631 868 2705 perennis!
929 2632 1175 2705 propriis

327 2711 382 2769 O
426 2723 510 2769 ter
552 2714 721 2769 beata
764 2712 1023 2786 gaudiis!

316 2875 375 2932 O
419 2895 552 2933 vera
594 2895 824 2951 semper
868 2876 1107 2934 Unitas!

323 2958 380 3014 O
424 2977 539 3015 una
584 2977 813 3033 semper
856 2959 1116 3016 Veritas!

318 3039 376 3097 O
422 3051 618 3097 sancta
663 3060 906 3116 semper,
954 3060 1102 3117 quae
1146 3043 1365 3104 bonum

318 3122 610 3181 Diffundis
653 3142 846 3194 omne,
893 3123 1148 3182 Caritas!

1076 3225 1123 3267 H

1591 294 1664 354 97
