2164 3724
473 199 586 276 ²194

1107 197 1416 275 Juslorum.

803 340 935 398 Hac
980 342 1157 416 surgit
1201 342 1275 399 ad
1319 341 1545 399 coelum
1589 342 1713 398 via:

799 423 874 480 Et
916 441 1025 480 nos
1069 424 1273 480 eadem
1318 425 1407 493 da,
1453 423 1635 494 Pater,

803 504 912 576 Da,
958 505 1126 576 Nate,
1173 507 1246 563 da
1290 525 1422 563 curn
1469 505 1693 581 Spiritu,

805 587 900 644 Ad
941 598 998 646 te
1041 589 1230 647 venire
1276 589 1493 646 semita.

952 997 1043 1038 AD
1087 996 1393 1039 OFFICIUM
1441 996 1629 1038 NOCT.

816 1177 954 1234 Non
995 1186 1158 1251 parta
1203 1177 1326 1233 solo
1372 1179 1650 1251 sanguine

821 1259 1004 1316 Ornat
1047 1260 1250 1315 beatos
1294 1278 1580 1333 purpura:

823 1341 966 1398 Sunt
1009 1341 1317 1410 incruenta,
1363 1359 1510 1415 quae
1556 1360 1690 1398 suos

823 1423 1060 1480 Habent
1102 1424 1440 1498 triumphOS,
1485 1425 1712 1498 praelia.

823 1588 961 1645 Non
1004 1588 1108 1645 iste
1154 1587 1435 1658 flammas,
1480 1607 1599 1645 non
1644 1604 1839 1644 cruces
1863 1610 1876 1657 3

827 1671 965 1727 Non
1013 1671 1187 1727 sensit
1231 1689 1413 1727 uncos
1459 1671 1751 1745 pectines:

826 1752 1087 1810 Crudelis
1132 1762 1187 1808 et
1231 1753 1404 1809 durus
1451 1754 1557 1809 sibi

830 1834 903 1892 Se
947 1844 1131 1893 morte
1176 1835 1327 1891 lenta
1372 1835 1616 1891 conficit.

836 2000 894 2056 Si
938 2000 1099 2055 lictor
1143 1999 1218 2054 illi
1263 1999 1455 2069 defuit,

834 2081 891 2151 Si
935 2081 1133 2150 vinela,
1180 2081 1374 2150 fustes,
1419 2082 1704 2156 ungulae3

831 2163 1033 2220 Parata
1075 2182 1180 2237 pro
1225 2162 1453 2219 Christo
1497 2164 1644 2219 mori

836 2246 968 2302 Hoc
1015 2246 1241 2319 supplet
1285 2263 1459 2301 omne
1504 2246 1722 2302 caritas.

839 2410 1065 2484 Corpus
1111 2410 1336 2483 subegit
1380 2410 1624 2478 eastitaS‚

839 2493 910 2547 Et
953 2493 1188 2548 liberam
1232 2502 1485 2548 mentem
1530 2493 1709 2548 fides:

837 2576 1021 2630 Amor
1066 2575 1324 2647 supernis
1369 2574 1596 2648 ignibus

844 2656 1057 2712 Totam
1101 2656 1274 2712 litavit
1318 2655 1580 2712 hostiam.

847 2819 1023 2876 Venis
1067 2821 1275 2893 apertis
1319 2820 1587 2876 omnibus

846 2900 962 2971 Qui
1007 2903 1169 2958 vellet
1212 2903 1357 2958 ultro
1402 2920 1716 2975 erumpere,

851 2984 1162 3040 Fraudatus
1207 2994 1402 3058 optata
1445 2984 1548 3052 via,

854 3065 898 3120 It
943 3065 1100 3122 fusus
1146 3067 1203 3122 in
1248 3066 1443 3122 fletum
1489 3085 1668 3122 cruor.
