2164 3724
450 236 563 291 274

833 212 910 269 In
939 210 1102 268 Festo
1137 209 1400 286 Corporis
1435 212 1669 274 Christi.

765 374 835 430 In
878 389 1182 446 supremae
1223 381 1393 429 nocte
1436 390 1655 431 coenae

770 453 1143 511 Recumbens
1189 471 1323 510 eum
1364 453 1646 527 fratribus),
1693 531 1695 533 Ι
1755 519 1760 522 ,

767 535 1087 594 Observata
1128 535 1256 610 lege
1297 536 1468 610 plene

769 618 929 675 Cibis
972 618 1032 673 in
1070 617 1366 692 legalibus,

768 700 980 758 Cibum
1022 700 1220 756 turbae
1265 699 1567 757 duodenae

769 783 842 839 Se
887 782 983 838 dat
1026 782 1141 839 suis
1184 782 1466 839 manibus,

768 946 1029 1002 Verbum
1075 964 1227 1016 caro,
1270 963 1484 1020 panem
1530 967 1727 1005 verum

764 1027 961 1084 Verbo
1005 1046 1237 1084 carnem
1280 1028 1480 1085 efficit:

766 1109 968 1183 Fitque
1013 1109 1246 1184 sanguis
1291 1109 1502 1168 Christi
1544 1130 1785 1201 merum,

767 1191 843 1247 Et
873 1192 920 1248 si
964 1209 1167 1249 sensus
1212 1191 1433 1249 deficit:

763 1273 859 1329 Ad
902 1273 1250 1330 firmandum
1293 1291 1392 1330 cor
1442 1275 1726 1332 sincerum

768 1355 902 1411 Sola
945 1355 1088 1412 fides
1133 1354 1354 1413 sufficit.

768 1518 1023 1576 Tantum
1067 1536 1206 1593 ergo
1252 1518 1686 1578 Sacramentum

767 1601 1124 1657 Veneremur
1173 1603 1398 1658 cernui:

766 1683 839 1739 Et
883 1683 1182 1757 antiquum
1235 1683 1645 1741 documentum

768 1764 939 1822 Novo
984 1765 1150 1821 cedat
1190 1766 1353 1821 ritui:

766 1847 1022 1903 Praestet
1066 1847 1208 1903 fides
1260 1849 1724 1922 supplementum

769 1928 1053 1985 Sensuum
1098 1929 1359 1985 defectui.

768 2090 1043 2160 Genitori,
1091 2091 1417 2167 Genitoque

762 2173 917 2230 Laus
962 2183 1017 2230 et
1055 2174 1334 2248 jubilatio,

767 2255 950 2329 Salus,
991 2255 1191 2326 honor,
1236 2257 1409 2313 virtus
1453 2275 1686 2333 quoque

768 2337 849 2393 Sit
893 2346 949 2394 et
991 2338 1317 2395 benedictio
1339 2358 1354 2408 3

762 2418 1101 2476 Procedenti
1145 2421 1218 2477 ab
1260 2429 1504 2495 utroque

762 2500 1019 2575 Compar
1064 2503 1133 2559 sit
1175 2503 1442 2559 laudatio.

958 2733 1048 2772 AD
1092 2733 1530 2776 MATUTINUM.

604 2855 788 2910 Sacris
834 2854 1124 2912 solemniis
1163 2856 1360 2930 juncta
1403 2858 1513 2914 sint
1541 2860 1767 2931 gaudia,

598 2937 669 2991 Et
714 2939 782 2992 'ex
827 2937 1173 3010 praecordiis
1219 2950 1424 2995 sonent
1452 2941 1790 3013 praeconia:

596 3017 891 3074 Recedant
933 3028 1136 3088 vetera,
1182 3038 1333 3078 nova
1376 3023 1488 3078 sint
1536 3022 1746 3084 omnia,

754 3099 962 3171 Corda,
1009 3120 1196 3169 voces,
1242 3113 1296 3159 et
1339 3121 1530 3178 opera.
