2164 3724
517 181 537 220 r
550 149 626 236 84
1150 160 1467 222 Doctorum.

971 541 1008 582 A
1018 541 1062 582 D
1107 540 1414 606 OFFICIUM
1463 541 1654 582 NOCT.

587 727 719 804 Jam
763 747 933 798 nunc,
979 747 1126 803 quae
1170 747 1437 785 numeras
1481 739 1563 785 tot
1607 728 1707 784 tibi
1751 729 2018 790 vindices,

591 810 749 867 Effer
794 812 1097 880 sidereum,
1143 811 1408 885 Relligio,
1454 820 1658 884 caput;

591 893 751 963 Quot
797 903 925 950 sunt
967 903 1127 950 mota
1169 893 1270 950 tibi
1312 894 1542 967 praelia,
1586 894 1809 950 nobiles

757 975 875 1031 Tot
919 977 1099 1032 nectis
1142 977 1243 1031 tibi
1288 976 1524 1031 laureas,

595 1141 746 1196 Cum
790 1156 894 1213 per
935 1139 1089 1195 mille
1131 1158 1304 1196 neces
1347 1141 1610 1214 impietas
1654 1139 1800 1207 furit,

597 1223 867 1296 Opponis
911 1222 1099 1277 valido
1141 1231 1374 1296 pectore
1420 1221 1741 1295 Martyres;

596 1305 747 1361 Cum
790 1322 894 1378 per
935 1304 1088 1359 mille
1134 1305 1298 1361 dolos
1342 1304 1553 1377 decipit
1597 1304 1865 1367 haeresis,

757 1386 1041 1442 Doctores
1085 1387 1186 1442 tibi
1231 1386 1485 1442 suscitas

599 1550 855 1620 Quando
899 1568 1098 1624 sparsa
1140 1550 1261 1607 lues
1305 1551 1558 1625 undique
1604 1551 1925 1619 criminum,

602 1632 682 1687 Hi
725 1633 972 1707 gliscens
1016 1633 1212 1688 vitium
1255 1634 1515 1707 protinus
1560 1643 1887 1707 amputant:

601 1715 854 1784 Quando
897 1716 1142 1789 plurima
1185 1734 1301 1771 nox
1345 1716 1634 1771 mentibus
1679 1715 1925 1783 incubat,

763 1797 843 1851 Hi
887 1798 1122 1870 plenum
1165 1798 1442 1853 revehunt
1488 1797 1656 1853 diem.

602 1960 857 2018 Firmant
900 1961 1208 2030 instabileS,
1254 1971 1309 2016 et
1354 1962 1558 2017 dubios
1602 1972 1839 2035 regunt:

604 2043 930 2100 Monstrant
973 2054 1092 2100 tuta
1134 2043 1335 2117 procul
1379 2044 1564 2099 littora
1607 2043 1928 2116 naufragis:

604 2125 807 2194 Nobis,
855 2127 951 2201 qui
995 2125 1253 2181 vehimur
1298 2144 1469 2182 caeca
1511 2145 1615 2200 per
1658 2144 1924 2199 aequora,

768 2207 989 2264 Lucent
1032 2217 1342 2282 perpetuae
1387 2206 1559 2264 faces,-

605 2374 772 2442 Quae
819 2374 1010 2429 dixere
1056 2373 1165 2428 tuis
1211 2391 1466 2428 consona
1512 2372 1790 2436 sensibuS‚

606 2455 833 2512 Nostris
880 2455 986 2523 illa,
1031 2454 1209 2522 Deus,
1256 2455 1524 2510 cordibus
1570 2454 1896 2527 imprimas:

605 2537 771 2605 Quos
815 2538 975 2593 terris
1021 2537 1279 2604 colimus,
1326 2554 1473 2610 quos
1520 2537 1814 2609 sequimur
1858 2537 2050 2591 duces⁴

768 2620 881 2675 Fac
927 2637 1034 2675 nos
1079 2619 1334 2674 moribus
1380 2619 1624 2692 assequi.

609 2783 690 2837 Sit
737 2802 1004 2857 suprema
1046 2783 1146 2838 tibi
1189 2782 1386 2856 gloria,
1432 2782 1675 2850 Veritas,

606 2864 773 2933 Quae
805 2884 906 2938 per
937 2866 1147 2938 scripta
1177 2865 1426 2931 Patrum‚
1460 2865 1692 2938 quando
1723 2864 1857 2918 foris
1891 2879 2079 2929 sonas

604 2946 779 3002 Nullo
822 2947 977 3003 vocis
1020 2965 1199 3021 egens
1243 2947 1419 3003 corda
1463 2948 1637 3002 doces
1683 2963 1844 3001 sono.

766 3028 838 3083 Et
883 3040 936 3084 te
982 3030 1271 3086 mentibus
1315 3029 1532 3084 inseris.
