2164 3724
478 227 542 286 S
586 226 822 283 Mariae
862 225 1243 301 Magdalenes.

375 392 622 466 Impleta
663 409 816 448 nunc
859 390 1205 465 Apostolam

375 474 668 531 Promissa
710 483 765 529 te
808 473 1056 547 primam
1100 474 1279 533 choro

372 555 789 631 Apostolorum
831 555 1073 628 grandia

368 637 582 714 Jubent
624 637 831 694 referre
873 638 1089 695 nuntia.

270 850 272 852 .
370 802 501 859 Deo
544 801 697 859 Patri
740 802 811 859 sit
852 802 1050 876 gloria,

370 884 628 960 Ejusque
673 884 779 942 soli
822 884 984 954 Filio,

370 966 584 1024 Sancto
628 966 797 1034 simul
840 985 975 1023 cum
1021 966 1248 1042 Spiritu,

369 1048 560 1120 Nunc,
605 1058 660 1106 et
703 1067 805 1124 per
847 1068 1022 1107 omne
1068 1051 1341 1107 seculum.

644 1379 735 1421 AD
777 1379 1046 1423 LAUDES.

120 1600 305 1656 Maria
351 1620 514 1658 sacro
560 1603 753 1660 saucia
795 1605 1043 1674 vulnere,

1549 242 1655 301 ยน37

118 1682 255 1739 Non
295 1685 415 1758 jam
460 1685 775 1742 dolendum
819 1687 958 1762 quid
1001 1686 1324 1744 Dominum
1369 1687 1570 1748 doles?

118 1765 358 1840 Semper
400 1785 708 1825 renascens
752 1769 844 1826 hic
888 1771 1102 1830 amoris

116 1846 288 1904 Unde
332 1849 431 1905 tibi
475 1850 754 1908 violentus
800 1853 1007 1908 ardor?

114 2013 308 2083 Quem
353 2015 577 2089 quaeris
621 2015 750 2090 ipso
794 2015 1007 2075 funeris
1053 2020 1112 2075 in
1158 2022 1300 2090 sinn,

114 2095 285 2152 Victo
329 2097 638 2172 triumphat
683 2098 879 2155 funere
925 2100 1143 2166 clarior,

116 2178 295 2234 Vivit:
344 2190 558 2237 retecto
597 2181 718 2255 jam
763 2182 1044 2255 sepulcro,

114 2260 263 2317 Ecce
304 2262 517 2335 jacentx
538 2263 793 2320 revoluta
837 2283 991 2322 saxa.

111 2424 407 2498 Myrrham
451 2427 590 2502 quid
634 2427 818 2492 affers,
866 2448 1125 2505 vanaque
1170 2433 1467 2494 balsama?

115 2507 278 2564 Haec
323 2509 446 2565 luce
491 2510 697 2567 functis
743 2511 934 2567 debita
977 2532 1249 2571 munera:

116 2589 260 2646 Mox
308 2591 396 2647 ille
442 2592 746 2649 donandos
792 2592 1049 2668 Olympo

112 2671 247 2727 Non
294 2684 423 2746 eget
467 2674 553 2731 his
597 2675 877 2731 redivivus
923 2687 1093 2735 artus.

118 2836 327 2909 Ingens
373 2847 664 2894 amantem
708 2848 763 2895 te
808 2840 972 2897 dolor
1014 2842 1260 2914 indicat3

112 2919 332 2975 Amans
376 2920 626 2977 vicissim
670 2939 730 2977 se
774 2921 936 2980 Deus
966 2925 1218 2982 obtulit:

110 3002 383 3073 Agnosce
428 3021 631 3059 vocem
676 3013 737 3059 tu
781 3003 1047 3079 Magistri

113 3081 367 3140 Nomine
412 3094 466 3141 te
510 3085 746 3160 proprio
791 3090 1063 3147 vocantis.
