2164 3724
415 241 532 309 384

781 235 976 293 Missa
1006 236 1068 292 de
1097 233 1304 310 Septem
1333 236 1650 295 Dolorz'bus.

737 370 854 427 Fac
898 378 960 425 ut
1003 368 1198 426 ardeat
1241 387 1340 426 cor
1381 388 1578 427 meum

739 453 808 507 In
852 451 1105 508 amando
1150 450 1441 508 Christum
1485 452 1695 523 Deum,

813 532 895 589 Ut
940 533 1046 589 sibi
1090 533 1501 609 complaceam.

738 649 949 706 Sancta
994 648 1196 718 Mater,
1242 650 1394 706 istud
1437 669 1594 725 agaS‚

732 731 1002 788 Crucifixi
1045 731 1159 805 fige
1201 731 1402 806 plagas

819 813 995 870 Cordi
1039 831 1173 869 meo
1222 814 1441 871 valide:

738 895 854 951 Tui
883 896 1000 951 nati
1043 895 1332 966 vulnerati,

732 978 864 1053 Jam
909 977 1125 1051 dignati
1167 996 1273 1052 pro
1316 997 1412 1034 me
1455 980 1587 1052 pati,

814 1059 1041 1116 Poenas
1083 1078 1315 1117 meeum
1359 1061 1561 1117 divide.

736 1175 852 1232 Fae
897 1194 991 1231 me
1036 1194 1165 1231 vere
1209 1186 1401 1232 tecum
1451 1176 1601 1240 flere,

735 1257 1026 1314 Crucifixo
1071 1257 1395 1326 condolere,

813 1339 1021 1396 Donec
1065 1358 1176 1413 ego
1219 1340 1448 1396 vixero:

730 1421 904 1496 Juxta
946 1428 1178 1478 erucem
1219 1431 1410 1478 tecum
1456 1432 1617 1490 stare,

734 1504 824 1560 Te
869 1505 1108 1560 libenter
1153 1505 1369 1560 sociare

814 1587 884 1642 In
927 1587 1161 1661 planetu
1203 1586 1482 1643 desidero,

731 1701 914 1775 Virgo
957 1701 1239 1775 virginum
1282 1700 1586 1774 praeclara,

731 1783 878 1839 Mihi
918 1784 1039 1858 jam
1082 1801 1202 1839 non
1244 1783 1321 1840 sis
1365 1801 1574 1851 amara,

812 1865 929 1922 Fac
973 1884 1068 1921 me
1113 1875 1306 1921 tecum
1348 1865 1652 1938 plangere3

730 1948 846 2004 Fac
890 1958 951 2003 ut
992 1958 1219 2021 portem
1251 1946 1458 2003 Christi
1502 1957 1764 2014 mortem,

731 2030 1023 2087 Passionis
1068 2030 1191 2104 ejus
1236 2039 1448 2085 sortem

813 2112 888 2168 Et
917 2112 1118 2186 plagas
1163 2111 1426 2167 recolere.

732 2229 847 2284 Fac
891 2246 985 2284 me
1029 2228 1214 2301 plagis
1258 2227 1551 2297 vulnerari,

735 2310 919 2367 Cruee
963 2309 1070 2366 hac
1116 2310 1394 2379 inebriari,

810 2392 905 2449 Ob
950 2411 1206 2448 amorem
1252 2392 1392 2447 Filii.

735 2475 1132 2530 Inflammatus
1177 2483 1232 2530 et
1275 2493 1550 2530 accensus

733 2557 840 2612 Per
883 2566 955 2625 te,
1000 2556 1198 2630 VirgO,
1244 2557 1351 2613 sim
1396 2555 1664 2614 defensus

813 2639 883 2693 In
927 2639 1019 2695 die
1060 2638 1271 2713 judicii.

733 2753 846 2808 Fac
891 2772 985 2809 me
1031 2771 1197 2810 cruce
1242 2754 1529 2822 custodiri,

730 2835 922 2892 Morte
968 2834 1177 2892 Christi
1220 2837 1583 2909 praemuniri,

814 2916 1124 2973 Confoveri
1167 2919 1365 2992 gratia.

731 2996 985 3067 Quando
1029 3018 1237 3073 corpus
1281 3001 1568 3068 morietur,

731 3080 846 3136 Fac
890 3091 951 3136 ut
996 3082 1219 3138 animae
1264 3083 1522 3150 donetur,

811 3161 1062 3220 Paradisi
1106 3164 1299 3237 gloria.
