2164 3724
550 273 582 327 3
591 256 667 329 38
893 253 969 311 In
1005 252 1532 329 Trou-§figuratione
1557 255 1805 315 Domini.
1863 264 1872 275 ’

878 418 1048 475 Pater
1090 436 1224 475 cum
1267 417 1586 494 Unigenito

877 499 952 557 Et
997 499 1209 574 Spiritu
1252 499 1535 558 Paraclito

856 581 1046 639 'Unus
1089 582 1259 640 nobis
1301 582 1449 641 hanc
1492 583 1734 658 gloriam

875 663 1110 739 Largire
1151 682 1256 739 per
1296 666 1696 740 praesentiam.

1066 1046 1158 1089 AD
1201 1046 1637 1090 MATUTINUM.

712 1244 766 1302 O
813 1254 966 1301 sator
1007 1261 1215 1314 rerurn,
1259 1255 1552 1320 reparator
1595 1245 1735 1313 aevi,

709 1327 953 1395 Christe,
997 1344 1098 1383 rex
1141 1345 1364 1401 regum,
1406 1328 1715 1384 metuende
1759 1346 1979 1395 censor,

713 1410 805 1466 Ad
848 1427 1051 1484 preces
1094 1419 1323 1466 nostras
1366 1410 1692 1484 pariterque
1737 1408 1932 1466 laudes
2023 1423 2029 1429 ·

874 1492 1092 1566 Aspice
1134 1492 1327 1565 gratis.

707 1657 909 1714 Noctis
954 1657 1183 1713 incursu
1227 1656 1328 1711 tibi
1372 1666 1503 1712 vota
1546 1655 1778 1711 laudum

708 1740 1036 1813 Pangimus,
1080 1748 1309 1812 praesta
1350 1738 1451 1794 tibi
1495 1738 1605 1794 sint
1649 1748 1708 1793 ut
1752 1748 1902 1812 apta.

706 1822 949 1895 Nosque
994 1829 1278 1877 concentu
1321 1819 1515 1876 refove
1557 1821 1824 1894 perennis

867 1902 1129 1959 Luminis
1173 1912 1386 1959 auctor.

709 2069 857 2124 Inter
902 2066 1135 2123 Heliam
1180 2065 1544 2140 Moysenque
1588 2076 1763 2133 vates,

704 2150 783 2206 Ut
822 2150 989 2225 jubar
1033 2149 1170 2206 solis
1213 2147 1419 2204 faciem
1462 2147 1767 2222 refulgenS,

701 2232 966 2289 Candida
1006 2240 1163 2288 veste
1206 2230 1349 2286 nivis
1392 2231 1567 2287 instar
1611 2230 1774 2286 albae

866 2314 961 2369 Tu
1003 2313 1266 2370 micuisti.

704 2479 800 2534 Tu
845 2478 955 2534 Dei
999 2477 1181 2533 Patris
1227 2475 1391 2533 Patre
1435 2486 1576 2532 teste
1614 2475 1808 2549 ‘proles

703 2562 854 2618 Cum
899 2560 976 2618 sis
1022 2569 1350 2616 sanctorum
1395 2559 1571 2615 decus
1615 2557 1950 2631 angelorum

703 2643 797 2698 Tu
843 2643 995 2700 salus
1037 2642 1255 2708 mundi,
1301 2641 1404 2702 via,
1450 2641 1576 2702 vita,
1622 2640 1794 2695 virtus

866 2724 1129 2781 Crederis
1173 2741 1317 2780 esse.

699 2889 912 2956 Gloria,
959 2889 1131 2944 virtus
1176 2888 1245 2943 sit
1289 2886 1388 2942 tibi
1433 2885 1688 2953 Creator,

699 2970 921 3027 Cuncta
965 2970 1061 3044 qui
1105 2969 1260 3026 solus
1303 2969 1551 3025 retinens
1594 2968 1896 3041 gubernas,

704 3052 766 3105 In
811 3051 1016 3108 throno
1062 3052 1221 3125 regni
1267 3051 1388 3107 sine
1432 3050 1543 3105 fine
1587 3065 1831 3123 regnans

861 3133 1073 3190 Trinus
1118 3144 1171 3189 et
1215 3150 1379 3189 unus.
