2164 3724
446 228 558 287 SS.
602 228 841 298 Lazari,
885 227 1135 299 Μανίαε,
1179 235 1268 286 etc,

499 571 591 647 An
636 603 945 648 OFFICIUM
991 604 1184 648 NOCT.

200 811 518 869 Redditum
561 810 689 879 luci,
734 808 996 867 Domino
1038 821 1298 882 vocante,

197 896 498 963 Lazarum,
542 893 761 962 turbae,
807 891 1204 969 domitamque
1247 906 1496 953 mortem

195 978 493 1035 Laudibus
537 974 713 1044 festis,
758 975 1125 1051 modulisque
1171 979 1317 1035 sacri

356 1059 546 1116 Dicite
591 1066 808 1114 cantus.

199 1225 299 1280 Ille
345 1224 443 1298 qui
487 1222 782 1294 Christum
826 1224 1033 1279 meruit
1077 1222 1361 1297 frequenti

197 1307 511 1381 Hospitem
554 1305 816 1380 gaudens
860 1324 1117 1363 recreare
1161 1325 1381 1375 mensa,

196 1390 470 1446 Foetidus
515 1389 729 1457 clausQ
777 1387 910 1444 data
951 1388 1169 1463 praeda
1211 1391 1400 1459 morti,

360 1471 643 1528 Conditur
685 1479 867 1527 antro,

198 1636 369 1692 Heu!
431 1646 529 1691 tua
570 1653 846 1708 praesens
891 1652 1003 1708 ope
1048 1635 1095 1691 si
1135 1636 1364 1710 jacenti,

198 1719 338 1775 Fata
382 1719 480 1792 qui
523 1718 794 1792 praescis,
839 1716 1020 1786 Deus,
1068 1719 1343 1776 astitisses
1367 1740 1381 1791 ;

196 1802 442 1870 Viveret,
489 1800 740 1856 necdum
783 1810 1179 1874 premerentur
1222 1811 1342 1858 atra

358 1883 608 1938 Lumina
651 1892 837 1939 nocte.

191 2049 439 2124 Jamque
482 2066 640 2104 mors
684 2047 830 2103 vitae
874 2046 1134 2104 Domino
1180 2049 1442 2117 solutam,

196 2132 254 2187 Si
295 2132 480 2206 jubes,
525 2129 727 2187 reddet
772 2130 1015 2204 spoliata
1057 2132 1367 2205 praedam:

197 2214 369 2269 Nune
414 2224 470 2269 et
514 2213 796 2269 extinctus
842 2231 1079 2287 superas
1125 2215 1343 2271 amicus

358 2295 565 2369 Surget
610 2296 682 2351 ad
728 2314 911 2351 auras,

192 2460 346 2516 Ecce
392 2460 578 2516 dilecti
623 2459 887 2533 lacrymis
933 2460 1184 2515 honoras

194 2542 460 2616 Hospitis
504 2542 691 2611 funus,
738 2541 1081 2616 fremituque
1125 2542 1323 2615 prodis

195 2624 390 2694 Quam
433 2625 532 2698 pio
576 2625 837 2698 plangas,
885 2624 1069 2693 Pater,
1117 2625 1426 2698 impiorum

358 2707 551 2763 Corde
596 2707 836 2762 ruinam.

196 2871 272 2927 Ut
317 2871 545 2927 Patrem
593 2890 820 2945 semper
864 2871 961 2945 pia
1007 2870 1396 2947 Spiritumque

194 2953 387 3010 Omne
431 2953 595 3028 plebs
639 2963 830 3010 tecum
876 2954 1122 3010 celebret
1164 2973 1267 3029 per
1311 2974 1515 3011 aevum

195 3035 438 3105 Christe,
486 3036 784 3093 credentes
829 3037 1052 3094 animas
1098 3037 1385 3094 secundae

357 3118 534 3192 Eripe
578 3120 765 3175 morti.

1554 249 1666 303 149
