2164 3724
376 262 493 330 380

777 257 854 314 In
896 257 1090 316 M'ssc'z
1130 230 1548 337 quunctorssum.

701 423 968 493 Quantus
1010 432 1223 480 tremor
1265 435 1350 482 est
1393 425 1612 483 futurus

704 505 959 575 Quando
997 505 1176 580 judex
1221 517 1306 564 est
1348 518 1634 576 venturuS,

703 586 928 643 Cuncta
971 588 1158 645 stricte
1200 589 1593 646 discussurus!

701 751 874 808 Tuba
916 752 1125 809 mirum
1171 770 1446 826 spargens
1476 772 1685 811 sonum

701 833 810 889 Per
854 835 1114 908 sepulcra
1155 835 1474 908 regionum,

704 914 893 990 Coget
936 935 1140 974 omnes
1184 926 1315 973 ante
1354 918 1639 975 thronum.

703 1078 867 1137 Mors
912 1082 1159 1156 stupebit
1202 1091 1256 1138 et
1300 1091 1499 1138 natura

705 1161 855 1218 Cum
899 1174 1157 1238 resurget
1201 1174 1455 1221 creatura

698 1243 986 1318 Judicanti
1028 1265 1390 1321 responsura.

701 1408 873 1465 Liber
918 1410 1160 1484 scriptus
1203 1410 1533 1492 proferetur,

704 1491 772 1546 In
818 1511 934 1566 quo
977 1501 1162 1549 totum
1206 1493 1541 1562 continetur,

700 1572 873 1631 Unde
915 1575 1166 1632 mundus
1205 1576 1504 1650 judicetur.

703 1739 892 1814 Judex
937 1759 1076 1814 ergo
1121 1759 1253 1796 cum
1299 1741 1534 1808 sedebit,

706 1821 1006 1896 Quidquid
1049 1823 1183 1879 latet
1228 1823 1538 1896 apparebit,

703 1903 800 1959 Nil
845 1906 1085 1961 inultum
1129 1906 1460 1961 remanebit.

708 2054 866 2123 Quid
912 2074 1039 2111 sum
1084 2055 1256 2110 miser
1299 2064 1433 2109 tunc
1479 2051 1768 2108 dicturus?

707 2135 900 2205 Quem
945 2146 1250 2210 patronum
1295 2135 1634 2208 rogaturus?

704 2218 854 2275 Cum
898 2220 989 2275 vix
1029 2221 1215 2294 justus
1260 2219 1330 2274 sit
1374 2235 1620 2274 securus,

704 2368 831 2424 Rex
877 2367 1206 2424 tremendae
1249 2366 1579 2441 majestatis,

706 2451 825 2520 Qui
870 2451 1172 2507 salvandos
1217 2449 1398 2506 salvas
1442 2448 1631 2522 gratis,

706 2533 869 2589 Salve
914 2552 1024 2602 me,
1069 2532 1199 2589 fons
1242 2531 1482 2606 pietatiS.

707 2683 1052 2752 Recordare,
1097 2681 1235 2757 Jesu
1277 2683 1388 2756 pie,

707 2766 885 2835 Quod
929 2784 1057 2822 sum
1101 2782 1274 2820 eausa
1316 2773 1446 2819 tuae
1491 2762 1629 2829 viae,

707 2848 797 2904 Ne
842 2867 936 2904 me
978 2847 1188 2922 perdas
1232 2846 1323 2902 illa
1367 2846 1473 2902 die.

707 2996 1008 3064 Quaerens
1051 3013 1162 3063 me,
1210 2994 1402 3050 sedisti
1447 2993 1662 3060 lassus,

710 3077 1028 3133 Redemisti
1074 3095 1301 3132 crucem
1342 3093 1579 3149 passus:

711 3157 932 3215 Tantus
976 3158 1135 3214 labor
1178 3176 1296 3214 non
1341 3158 1409 3213 sit
1453 3174 1665 3212 cassus.
