2164 3724
501 274 532 310 ε
545 273 564 310 1
577 272 617 325 4
1122 251 1490 328 Doxologz'ae.

810 430 883 474 IN
929 429 1120 474 FESTO
1163 431 1465 475 CORPORIS
1511 432 1794 476 CHRISTI.

742 538 860 609 Qui
905 555 1078 595 carne
1119 556 1227 595 nos
1269 540 1459 613 pascis
1503 548 1617 610 tua,

749 619 833 677 Sit
876 619 999 678 laus
1041 619 1159 690 tibi,
1208 620 1416 678 Pastor
1461 622 1635 691 bone,

750 701 905 759 Cum
950 701 1134 772 Patre,
1181 721 1433 778 cumque
1481 703 1710 779 Spiritu,

743 784 814 840 In
859 784 1207 860 sempiterna
1249 785 1459 843 secula.

755 1016 828 1057 IN
874 1013 1540 1058 TRANSFIGURATIONE
1587 1013 1853 1058 DOMINI,

743 1121 876 1192 Qui,
922 1121 1075 1177 nube
1117 1129 1298 1195 rupta,
1343 1129 1399 1176 te
1443 1119 1635 1194 palam

743 1203 962 1260 Natum
1004 1202 1243 1272 vocavit,
1287 1201 1411 1258 laus
1455 1201 1640 1272 Patri3

746 1285 1006 1360 Tibiquo
1042 1284 1232 1355 Nato;
1277 1302 1385 1340 nec
1428 1284 1617 1341 minor

745 1366 899 1425 Laus
942 1368 1238 1442 utriusque
1281 1365 1540 1423 Flamini.

728 1602 798 1642 IN
843 1600 1264 1643 SUSCEPTIONE
1307 1599 1601 1642 SANCTAE
1647 1597 1893 1641 CRUCIS.

748 1706 865 1777 Qui
908 1725 1011 1781 per
1053 1724 1283 1763 crucem
1325 1725 1434 1763 nos
1476 1705 1696 1771 liberas,

747 1789 868 1854 Fili,
913 1790 1016 1846 tibi
1059 1789 1181 1847 laus
1224 1789 1478 1846 maxima

748 1871 899 1928 Cum
947 1871 1145 1928 Patre:
1191 1889 1299 1928 nec
1342 1872 1443 1927 tibi
1485 1871 1675 1928 minor

744 1953 916 2017 Laus,
963 1954 1256 2027 utriusque
1303 1951 1562 2027 Spiritus,

1066 2176 1136 2219 IN
1184 2173 1536 2218 APOSTOLIS.

747 2280 862 2337 Uni
908 2281 978 2338 sit
1023 2290 1079 2337 et
1121 2280 1271 2336 trino
1313 2279 1443 2338 Deo

750 2363 1031 2438 Suprema
1072 2362 1213 2430 lau&
1260 2380 1552 2419 summum
1596 2363 1791 2430 decus,

747 2444 838 2502 De
882 2455 1051 2503 nocte
1096 2443 1196 2519 qui
1240 2462 1350 2501 nos
1393 2446 1467 2502 ad
1511 2463 1647 2503 suae

750 2527 977 2584 Lumen
1020 2530 1240 2586 vocavit
1283 2528 1515 2601 gloriae.

1003 2766 1077 2807 IN
1124 2764 1606 2808 EVANGELISTIS.

751 2872 908 2928 Fons
952 2873 1278 2937 sanctitatis,
1323 2890 1360 2929 o
1403 2871 1581 2935 Deus,

751 2953 1003 3011 Aeterna
1048 2953 1390 3011 Sanctorum
1433 2954 1613 3028 quies,

750 3035 838 3090 Te
883 3036 1073 3093 laudet
1115 3037 1305 3093 omnis
1350 3036 1593 3110 spiritus,

749 3116 919 3173 Nunc
965 3128 1019 3174 et
1062 3137 1164 3193 per
1206 3137 1381 3175 omne
1424 3116 1695 3174 seculum.
