2274 3796
1150 285 1462 344 Domz‘nz'ca.

841 453 1119 512 Coelestis
1162 451 1305 508 haec
1347 450 1534 506 vineat
1575 448 1715 505 tuba

842 535 1047 594 Cordis
1091 551 1362 608 soporem
1403 530 1676 606 languidi,

842 618 1108 690 Novique
1151 633 1342 671 mores
1385 613 1706 687 exprimant

842 699 1037 755 Vitam
1079 697 1424 770 resurgentis
1467 713 1695 751 novam.

845 831 979 887 Hoc
1023 847 1460 902 consequemur,
1503 836 1560 883 te
1604 827 1767 894 duce,

844 913 999 968 Fons
1043 911 1303 979 caritatis,
1349 929 1385 966 o
1428 909 1606 977 DeuS,

844 995 961 1064 Qui
1003 994 1146 1066 legis
1190 993 1353 1049 addis
1396 992 1610 1047 litterae

846 1076 1012 1132 Vitae
1057 1076 1315 1131 datorem
1362 1073 1649 1147 Spiritum.

846 1207 929 1263 Sit
971 1207 1094 1262 laus
1138 1205 1306 1274 Patri,
1351 1205 1474 1261 laus
1518 1204 1695 1272 Filio;

847 1288 956 1344 Par
1001 1289 1070 1345 sit
1112 1288 1214 1344 tibi
1257 1288 1396 1356 lauS,
1444 1287 1698 1361 Spiritus,

843 1370 1091 1427 Afflante
1134 1388 1250 1444 quo
1293 1378 1517 1426 mentes
1562 1369 1735 1425 sacris

843 1453 1063 1509 Lucent
1108 1462 1164 1508 et
1209 1451 1407 1508 ardent
1450 1452 1697 1525 ignibus,

1115 1649 1206 1689 AD
1253 1647 1524 1689 LAUDES.

853 1754 945 1809 Ad
987 1754 1204 1826 templa
1246 1771 1354 1809 nos
1397 1772 1590 1809 rursus
1634 1761 1798 1808 vocat

848 1835 1143 1908 Surgentis
1179 1853 1414 1891 aurorae
1457 1836 1621 1903 nitor,

848 1917 1162 1990 Novasque
1206 1935 1311 1991 pro
1355 1917 1504 1973 laeto
1546 1926 1745 1972 monet

848 1999 1083 2055 Referre
1126 2009 1316 2072 grates
1359 2016 1611 2055 munere.

848 2127 925 2181 At
969 2125 1146 2180 victor
1189 2141 1454 2180 auroram
1498 2142 1603 2180 suo

855 2207 1097 2279 Fulgore
1142 2205 1402 2262 Christus
1445 2206 1667 2262 obruit:

858 2289 1025 2356 Huie,
1070 2306 1286 2361 magna
1329 2289 1491 2362 cujus
1534 2307 1666 2362 pars
1711 2308 1926 2361 sumuS‚
1995 2283 1997 2285 ¹

850 2370 1017 2444 Juvat
1059 2369 1349 2444 triumpho
1393 2370 1678 2444 plaudere.

855 2502 1033 2572 Quod
1076 2503 1333 2559 evolutus
1377 2503 1566 2560 fasciis

857 2584 1120 2658 Repente
1163 2585 1413 2641 mundus
1457 2585 1651 2654 extitit,

840 2666 1003 2722 Puro
1046 2667 1312 2723 renidens
1355 2667 1586 2736 lumine,

857 2747 1094 2804 Virtutis
1137 2748 1248 2805 hoc
1293 2759 1541 2823 quantae
1585 2749 1723 2806 fuit!

858 2877 1034 2945 Quod
1077 2881 1347 2936 traditum
1390 2882 1517 2937 neci
1561 2881 1742 2951 Pater,

860 2957 934 3013 Ut
979 2963 1237 3018 sontibus
1282 2964 1455 3019 vitam
1499 2964 1675 3032 daret,

860 3038 1025 3097 Vitae
1069 3043 1309 3100 redonat
1354 3044 1575 3114 Filium,

858 3121 1087 3179 Amoris
1131 3124 1242 3180 hoc
1286 3128 1482 3200 quanti
1525 3127 1663 3183 fuit!
