2274 3796
516 268 586 330 ¹9.

531 3766 538 3772 .
550 3759 559 3769 s
577 3754 844 3790 :uusmfflql
857 3771 867 3776 ,
924 3753 938 3767 '¹
947 3771 964 3780 ,.
1066 3758 1091 3777 b.
1161 3773 1171 3780 ,
1182 3760 1236 3780 ε’·-ῑ

1156 251 1226 308 F
1216 254 1335 339 etia
1375 253 1467 311 II.

1065 661 1156 702 AD
1203 661 1532 706 VESPERAS.

823 813 1116 889 Jactamur
1157 814 1271 871 heu
1314 825 1455 889 quot
1496 816 1794 877 fluctibus!

828 895 974 970 Spes
1015 914 1132 953 una
1174 896 1247 953 de
1290 897 1465 954 coelis
1508 900 1680 958 nitet:

823 978 965 1035 Illuc
1010 987 1066 1034 et
1108 996 1210 1035 ora
1249 979 1518 1049 tollimus,

822 1059 897 1116 Et
938 1060 1217 1118 mittimus
1261 1062 1519 1136 suspiria.

824 1223 922 1279 Tu
962 1233 1096 1281 vota
1136 1226 1466 1299 praecurriS‚
1512 1225 1694 1298 Pater,

824 1304 1224 1380 Magnamque
1266 1309 1563 1382 protendis
1605 1319 1879 1368 manum:

820 1386 954 1462 Jam
997 1387 1140 1445 fulta
1179 1398 1340 1446 tanto
1382 1391 1590 1448 robore

824 1468 1020 1543 Surgit
1063 1479 1271 1544 potens
1315 1472 1628 1531 infirmitas.

821 1631 990 1702 Quae
1034 1651 1203 1690 saeva
1245 1653 1353 1693 nos
1396 1649 1665 1710 premunt
1707 1639 1860 1695 mala

819 1713 1052 1784 Vinces,
1097 1717 1262 1773 malis
1306 1719 1632 1792 potentior:

821 1795 914 1852 Te
956 1806 1151 1853 nostra
1194 1799 1368 1856 durae
1413 1801 1616 1857 sentiet

819 1876 991 1935 Mens
1037 1880 1315 1938 servitutis
1357 1881 1659 1939 vindicem.

819 2040 979 2110 Quin
1021 2041 1127 2098 vile
1173 2060 1399 2116 corpus,
1445 2045 1569 2101 Filii

817 2122 1065 2196 Fulgore
1110 2124 1354 2181 donabis
1398 2127 1513 2182 tui:

817 2204 896 2260 At
938 2205 1032 2262 illa
1074 2206 1288 2263 venalis
1331 2217 1486 2280 patet

819 2286 1007 2344 Multo
1050 2288 1244 2344 labore
1287 2289 1483 2362 gloria.

817 2450 977 2506 Felix
1020 2451 1183 2507 labor
1225 2470 1401 2526 quem
1447 2471 1669 2510 recreas

817 2531 970 2588 Tam
1015 2533 1315 2607 Splendida
1355 2553 1546 2591 rerum
1589 2537 1743 2592 vice!

816 2613 980 2670 Fletu
1023 2616 1151 2689 quis
1195 2625 1488 2673 aeternum
1530 2618 1685 2673 brevi

817 2695 1008 2769 Neget
1050 2698 1266 2771 pacisci
1308 2699 1625 2772 gaudium?

821 2857 903 2913 Sit
947 2860 1070 2916 laus
1114 2860 1282 2931 Patri,
1326 2862 1449 2920 laus
1494 2863 1670 2920 Filio:

816 2938 1139 3016 Utrumque
1184 2944 1282 3017 qui
1324 2946 1521 3015 nectis,
1567 2945 1728 3003 Deus

814 3019 1057 3095 Utrique
1100 3042 1352 3098 compar,
1399 3028 1468 3083 sit
1509 3027 1610 3083 tibi

813 3100 966 3159 Laus
1011 3107 1371 3181 sempiterna,
1419 3108 1674 3183 Spiritus,

1275 3764 1292 3775 “
1313 3766 1317 3770 ’
1379 3622 2274 3796 ,π’-Ὠὴῃηωῑὴνῆιμ-ΜΜὯᾸ
