2164 3724
439 215 515 272 In
573 182 884 272 erz'latz‘onb
923 213 1000 271 B.
1044 212 1138 272 M
1198 213 1257 271 V.

368 378 795 437 Absconditum
838 379 945 435 sub
989 379 1194 436 intimo

371 461 498 519 Ceu
538 462 710 531 nube,
754 461 1028 536 portabas
1073 462 1202 519 sinu

372 543 585 613 Solem,
631 561 738 601 suo
781 543 881 618 qui
923 543 1185 617 protinus

370 625 658 683 Lustrabit
700 625 904 682 orbem
947 625 1178 683 lumine.

367 789 595 846 Mundo
637 789 968 864 redemptor
1010 790 1108 864 qui
1151 791 1328 860 venis,

367 872 489 942 Fili,
534 872 636 928 tibi
678 871 801 929 laus
844 873 1100 928 maxima

367 954 519 1011 Cum
562 954 761 1011 Patre:
821 973 940 1011 nec·
971 955 1073 1011 tibi
1115 954 1304 1010 minor

366 1036 539 1107 LauS,
582 1037 876 1112 utriusque
923 1036 1181 1113 Spiritus.

513 1359 603 1399 AD
648 1357 957 1400 OFFICIUM
1003 1358 1192 1402 NOCT.

367 1577 617 1646 Montes,
664 1577 980 1651 superbum
1022 1578 1310 1648 verticem,

367 1659 502 1730 Qua
543 1658 727 1734 Virgo
770 1660 984 1729 transit,
1032 1661 1274 1730 subdite,

368 1742 477 1798 Cui
522 1760 583 1799 se
627 1742 867 1798 libenter
912 1751 1225 1799 sternerent

367 1824 477 1880 Vel
520 1825 646 1898 ipsa
689 1823 833 1881 coeli
880 1824 1083 1882 sidera.

371 1988 613 2046 Occulta
655 2007 805 2063 quae
848 1989 983 2045 latet
1027 1990 1202 2058 domi,

368 2071 561 2128 Audet
604 2071 757 2129 foras
802 2090 863 2128 se
906 2072 1183 2146 prodere:

373 2153 613 2228 Semper
657 2155 765 2211 sibi
807 2154 1016 2211 timens
1060 2156 1250 2228 pudor

371 2236 444 2292 Se
489 2237 718 2293 caritate
762 2237 1026 2310 protegit.

368 2401 419 2456 It
462 2401 571 2470 illa,
616 2419 736 2457 non
778 2402 952 2457 nectit
995 2419 1221 2457 moras:

368 2483 536 2556 Fugit
579 2483 768 2551 videri,
813 2501 920 2539 nec
964 2484 1154 2539 minus

370 2565 539 2638 Fugit
582 2566 773 2634 videri,
819 2584 891 2621 ne
937 2584 1045 2622 suo

369 2646 706 2721 Quidquam
750 2647 956 2721 pudori
1001 2647 1274 2704 detrahat.

370 2811 547 2867 Beata
589 2829 765 2886 quam
808 2812 1012 2885 pressit
1054 2812 1222 2886 pede,

369 2892 601 2950 Tellus!
659 2894 827 2950 beata
871 2894 1103 2950 semita!

370 2975 562 3032 Colles
607 2977 776 3046 beati,
821 2977 919 3050 qui
964 2977 1133 3033 simul

374 3057 525 3115 Cum
569 3068 748 3116 matre
794 3059 1046 3116 sensistis
1089 3058 1316 3116 Deum!

1542 234 1653 288 133
