2164 3724
455 202 543 263 „36
899 208 978 266 In
1025 207 1234 268 Octava
1274 210 1636 276 Ascensz'omlr.

791 372 939 447 Ipsa·
969 382 1025 430 te
1067 385 1238 450 cogat
1276 378 1457 452 pietas

790 454 872 511 Ut
911 455 1064 512 mala
1104 467 1315 516 nostra.
1341 479 1575 535 superes

790 535 1105 608 ParcendO,
1150 549 1206 596 et
1246 543 1361 599 voti
1405 557 1705 621 compotes

791 618 918 677 Nos
959 630 1059 678 tuo
1102 622 1258 680 vultu
1300 625 1486 683 saties.

786 781 885 838 Tu
928 793 1051 841 esto
1093 795 1352 844 nostrum
1395 791 1688 863 gaudium,

790 863 907 935 Qui
950 884 1012 923 es
1055 865 1274 925 futurus
1316 874 1668 944 praemium:

789 946 859 1002 In
901 956 957 1004 te
998 949 1072 1006 sit
1113 959 1309 1008 nostra
1348 953 1529 1027 gloria

789 1027 898 1086 Per
939 1039 1145 1089 cuncta
1187 1051 1415 1109 semper
1457 1039 1663 1097 secula.

728 1348 816 1404 IN
861 1349 1202 1408 OCTAVA
1245 1351 1798 1410 ASCENSIONIS.

902 1498 992 1539 AD
1035 1497 1270 1540 PRIMAS
1316 1498 1637 1542 VESPERAS.

703 1613 861 1681 Felix
906 1621 1027 1678 dies
1069 1622 1420 1692 mortalibus,

706 1702 841 1772 Qua
883 1722 984 1777 per
1026 1703 1325 1777 profusum
1369 1705 1705 1778 sanguinem

707 1784 911 1841 Homo
954 1785 1115 1842 Deus
1159 1786 1379 1843 clausas
1424 1788 1521 1843 diu

707 1866 940 1924 Intravit
983 1876 1240 1925 aeternas
1285 1869 1526 1926 domos!

705 2029 832 2086 Nos
876 2031 1152 2099 membra,
1197 2048 1313 2105 quo
1354 2041 1613 2087 nostrum
1656 2045 1842 2108 caput,

703 2110 840 2181 Quo
884 2113 1000 2169 dux
1043 2113 1292 2187 praeivit,
1337 2113 1580 2170 ibimus:

710 2192 769 2249 Si
807 2194 1011 2270 jungat
1052 2213 1167 2250 una
1209 2213 1374 2252 mens
1418 2196 1601 2264 simul,

704 2274 831 2333 Nos
873 2295 990 2334 una
1026 2277 1229 2351 junget
1270 2277 1465 2351 gloria.

702 2439 981 2497 Discessit
1024 2450 1079 2497 et
1123 2441 1239 2498 suis
1286 2441 1463 2509 adest,

704 2521 1009 2580 Praesente
1054 2541 1280 2597 semper
1325 2522 1549 2598 Spiritu,

702 2603 957 2661 Miscens
1002 2623 1106 2662 suo
1149 2623 1210 2661 se
1254 2606 1478 2679 corpori

703 2685 925 2743 Omnes
968 2688 1025 2742 in
1068 2695 1220 2743 artus
1265 2687 1461 2743 influit.

693 2848 769 2904 At
811 2849 904 2905 illa
947 2852 1127 2923 quae!
1172 2850 1351 2925 qualis
1395 2851 1550 2907 'diesi

695 2930 835 2987 Dies
879 2932 1175 2988 tremenda
1219 2933 1494 3000 sontibuS,

689 3011 845 3067 Dum
891 3013 1025 3069 sede
1068 3013 1423 3070 descendens
1468 3031 1574 3070 sua

695 3092 927 3150 Redibit
971 3095 1117 3152 ultor
1159 3096 1475 3152 criminum.
