2164 3724
624 278 1092 352 Presbyterorum.

370 445 527 523 Jesu,
572 443 954 502 Sacerdotum
996 443 1190 513 decus,

379 527 545 604 Jugis
587 527 691 584 tibi
735 526 806 583 sit
847 525 1046 602 gloria,

376 610 529 668 Cum
573 609 756 678 Patre,
801 626 1051 683 cumque
1097 607 1324 684 Spiritu,

377 693 447 749 In
491 692 842 767 sempiterna
884 690 1092 748 secula.

513 1029 604 1070 AD
649 1027 958 1071 OFFICIUM
1004 1028 1197 1072 NOCT.

212 1259 345 1335 Jam
392 1259 526 1316 satis
571 1258 733 1315 fluxit
777 1277 944 1316 cruor
987 1258 1320 1328 hostiarum,

215 1343 493 1400 Pristinae
538 1351 766 1399 cessent
809 1341 1148 1399 holocausta
1191 1341 1365 1416 legis:

213 1425 455 1493 Christe,
501 1442 648 1499 quos
692 1424 926 1494 formaS‚
970 1425 1208 1481 meliora
1250 1425 1428 1481 libant

382 1507 556 1563 Sacra
598 1507 857 1563 ministri.

211 1673 377 1728 Elicit
421 1672 686 1737 flammas
730 1671 885 1729 Elias
930 1673 1003 1729 ab
1048 1672 1180 1740 alto,

212 1755 406 1829 Mysta
449 1774 602 1811 nunc
645 1755 830 1830 major
870 1755 1048 1830 jubet,
1094 1764 1150 1811 et
1193 1754 1414 1828 potenti

211 1837 560 1912 Obsequens
603 1838 781 1893 verbo
824 1836 986 1894 Deus
1031 1837 1218 1894 adstat
1261 1836 1387 1905 aris,

378 1919 590 1977 Hostia
635 1919 834 1988 factUS‚

215 2086 434 2160 Pingue
479 2085 746 2154 libamen,
793 2103 976 2142 novus
1021 2095 1077 2141 et
1123 2083 1423 2148 SacerdOS,

215 2167 373 2225 Orbe
414 2169 535 2243 jam
578 2177 701 2224 toto
745 2167 907 2224 Deus
952 2168 1311 2224 immolatur:

215 2251 288 2307 Se
333 2269 510 2306 manu
553 2260 749 2308 nostra
792 2251 910 2307 litat
954 2251 1251 2307 incruento

379 2333 603 2389 Funere
649 2332 929 2390 Christus.

216 2498 359 2555 Tale
405 2498 480 2553 nil
526 2499 727 2572 priscis
773 2497 1037 2554 Patribus
1080 2498 1370 2565 tributum,

215 2581 453 2655 Angelis
499 2598 788 2654 nusquam
834 2581 967 2636 data
1008 2599 1112 2653 par
1156 2590 1449 2654 potestas:

225 2664 296 2719 Se
342 2681 519 2719 manu
564 2673 759 2718 nostra
802 2662 965 2718 Deus
1010 2663 1133 2736 ipse
1179 2663 1398 2718 cunctis

382 2745 622 2801 Praebet
667 2746 724 2799 in
768 2763 979 2801 escam.

221 2910 461 2975 Christe,
510 2909 597 2966 fac
644 2927 872 2983 semper
916 2919 1013 2966 tua
1057 2928 1218 2966 sacra
1260 2927 1406 2983 puro

219 2991 411 3048 Corde
457 3003 782 3060 tractemus,
827 2993 1210 3066 manibusque
1254 2993 1448 3066 puris;

221 3074 444 3130 Caritas
490 3084 657 3148 aptos
703 3085 798 3130 tua
842 3093 949 3132 nos
994 3075 1307 3131 tremendis

384 3157 652 3231 Applicet
696 3158 823 3214 aris.

1554 282 1664 352 187
