<?xml version="1.0" encoding="UTF-8"?>
<!DOCTYPE html PUBLIC "-//W3C//DTD XHTML 1.0 Transitional//EN"
    "http://www.w3.org/TR/xhtml1/DTD/xhtml1-transitional.dtd">
<html xmlns="http://www.w3.org/1999/xhtml" xml:lang="en" lang="en">
 <head>
  <title>
</title>
<meta http-equiv="Content-Type" content="text/html;charset=utf-8" />
  <meta name='ocr-system' content='tesseract 3.04.00' />
  <meta name='ocr-capabilities' content='ocr_page ocr_carea ocr_par ocr_line ocrx_word'/>
</head>
<body>
  <div class='ocr_page' id='page_1' title='image "./hymniecc00newmuoft_0311.png"; bbox 0 0 2164 3724; ppageno 0'>
   <div class='ocr_carea' id='block_1_1' title="bbox 430 247 1251 329">
    <p class='ocr_par' dir='ltr' id='par_1_1' title="bbox 430 247 1251 329">
     <span class='ocr_line' id='line_1_1' title="bbox 430 247 1251 329; baseline -0.007 -18"><span class='ocrx_word' id='word_1_1' title='bbox 430 254 508 311; x_wconf 91' lang='lat' dir='ltr'>In</span> <span class='ocrx_word' id='word_1_2' title='bbox 551 247 864 311; x_wconf 65' lang='lat' dir='ltr'>Natz&#39;vitate</span> <span class='ocrx_word' id='word_1_3' title='bbox 905 247 969 308; x_wconf 88' lang='lat' dir='ltr'>S.</span> <span class='ocrx_word' id='word_1_4' title='bbox 987 247 1251 329; x_wconf 77' lang='lat' dir='ltr'>joannis.</span> 
     </span>
    </p>
   </div>
   <div class='ocr_carea' id='block_1_2' title="bbox 560 492 1136 542">
    <p class='ocr_par' dir='ltr' id='par_1_2' title="bbox 560 492 1136 542">
     <span class='ocr_line' id='line_1_2' title="bbox 560 492 1136 542; baseline -0.007 0"><span class='ocrx_word' id='word_1_5' title='bbox 560 501 652 542; x_wconf 95' lang='lat' dir='ltr'>AD</span> <span class='ocrx_word' id='word_1_6' title='bbox 698 492 1136 541; x_wconf 84' lang='lat' dir='ltr'>MATUTINUM.</span> 
     </span>
    </p>
   </div>
   <div class='ocr_carea' id='block_1_3' title="bbox 201 618 1288 943">
    <p class='ocr_par' dir='ltr' id='par_1_3' title="bbox 201 618 1288 687">
     <span class='ocr_line' id='line_1_3' title="bbox 201 618 1288 687; baseline -0.009 -1"><span class='ocrx_word' id='word_1_7' title='bbox 201 630 387 685; x_wconf 86' lang='lat' dir='ltr'><strong>Antra</strong></span> <span class='ocrx_word' id='word_1_8' title='bbox 430 623 640 682; x_wconf 84' lang='lat' dir='ltr'>deserti</span> <span class='ocrx_word' id='word_1_9' title='bbox 681 619 893 678; x_wconf 90' lang='lat' dir='ltr'>teneris</span> <span class='ocrx_word' id='word_1_10' title='bbox 938 619 1046 676; x_wconf 90' lang='lat' dir='ltr'>sub</span> <span class='ocrx_word' id='word_1_11' title='bbox 1090 618 1288 687; x_wconf 77' lang='lat' dir='ltr'>anniS,</span> 
     </span>
    </p>

    <p class='ocr_par' dir='ltr' id='par_1_4' title="bbox 202 701 1231 778">
     <span class='ocr_line' id='line_1_4' title="bbox 202 701 1231 778; baseline -0.011 -11"><span class='ocrx_word' id='word_1_12' title='bbox 202 710 429 768; x_wconf 87' lang='lat' dir='ltr'><strong>Civium</strong></span> <span class='ocrx_word' id='word_1_13' title='bbox 471 717 688 764; x_wconf 86' lang='lat' dir='ltr'>turmas</span> <span class='ocrx_word' id='word_1_14' title='bbox 732 702 979 777; x_wconf 86' lang='lat' dir='ltr'><strong>fugiens,</strong></span> <span class='ocrx_word' id='word_1_15' title='bbox 1024 701 1231 778; x_wconf 90' lang='lat' dir='ltr'>petisti,</span> 
     </span>
    </p>

    <p class='ocr_par' dir='ltr' id='par_1_5' title="bbox 203 783 1248 943">
     <span class='ocr_line' id='line_1_5' title="bbox 203 783 1248 865; baseline -0.01 -16"><span class='ocrx_word' id='word_1_16' title='bbox 203 793 296 849; x_wconf 90' lang='lat' dir='ltr'>Ne</span> <span class='ocrx_word' id='word_1_17' title='bbox 339 791 448 848; x_wconf 91' lang='lat' dir='ltr'>levi</span> <span class='ocrx_word' id='word_1_18' title='bbox 491 804 697 865; x_wconf 89' lang='lat' dir='ltr'>posses</span> <span class='ocrx_word' id='word_1_19' title='bbox 739 783 1030 842; x_wconf 92' lang='lat' dir='ltr'>maculare</span> <span class='ocrx_word' id='word_1_20' title='bbox 1072 784 1248 841; x_wconf 91' lang='lat' dir='ltr'>vitam</span> 
     </span>
     <span class='ocr_line' id='line_1_6' title="bbox 364 868 910 943; baseline -0.009 -14"><span class='ocrx_word' id='word_1_21' title='bbox 364 871 620 930; x_wconf 87' lang='lat' dir='ltr'><strong>Crimine</strong></span> <span class='ocrx_word' id='word_1_22' title='bbox 662 868 910 943; x_wconf 86' lang='lat' dir='ltr'>linguae.</span> 
     </span>
    </p>
   </div>
   <div class='ocr_carea' id='block_1_4' title="bbox 198 1029 1410 1341">
    <p class='ocr_par' dir='ltr' id='par_1_6' title="bbox 201 1029 1339 1108">
     <span class='ocr_line' id='line_1_7' title="bbox 201 1029 1339 1108; baseline -0.01 -12"><span class='ocrx_word' id='word_1_23' title='bbox 201 1037 471 1096; x_wconf 86' lang='lat' dir='ltr'>Praebuit</span> <span class='ocrx_word' id='word_1_24' title='bbox 514 1035 722 1093; x_wconf 92' lang='lat' dir='ltr'>durum</span> <span class='ocrx_word' id='word_1_25' title='bbox 764 1042 1042 1108; x_wconf 88' lang='lat' dir='ltr'>tegumen</span> <span class='ocrx_word' id='word_1_26' title='bbox 1085 1029 1339 1087; x_wconf 90' lang='lat' dir='ltr'>camelus</span> 
     </span>
    </p>

    <p class='ocr_par' dir='ltr' id='par_1_7' title="bbox 201 1112 1410 1192">
     <span class='ocr_line' id='line_1_8' title="bbox 201 1112 1410 1192; baseline -0.008 -14"><span class='ocrx_word' id='word_1_27' title='bbox 201 1121 457 1178; x_wconf 85' lang='lat' dir='ltr'>Artubus</span> <span class='ocrx_word' id='word_1_28' title='bbox 502 1117 694 1186; x_wconf 91' lang='lat' dir='ltr'>sacris,</span> <span class='ocrx_word' id='word_1_29' title='bbox 741 1114 1064 1192; x_wconf 90' lang='lat' dir='ltr'>strophium</span> <span class='ocrx_word' id='word_1_30' title='bbox 1105 1112 1410 1180; x_wconf 79' lang='lat' dir='ltr'>bidentes3</span> 
     </span>
    </p>

    <p class='ocr_par' dir='ltr' id='par_1_8' title="bbox 198 1198 1372 1341">
     <span class='ocr_line' id='line_1_9' title="bbox 198 1198 1372 1273; baseline -0.01 -11"><span class='ocrx_word' id='word_1_31' title='bbox 198 1204 309 1262; x_wconf 84' lang='lat' dir='ltr'>Cui</span> <span class='ocrx_word' id='word_1_32' title='bbox 352 1203 502 1259; x_wconf 87' lang='lat' dir='ltr'>latex</span> <span class='ocrx_word' id='word_1_33' title='bbox 546 1200 833 1268; x_wconf 90' lang='lat' dir='ltr'>haustum,</span> <span class='ocrx_word' id='word_1_34' title='bbox 880 1198 1098 1256; x_wconf 92' lang='lat' dir='ltr'>sociata</span> <span class='ocrx_word' id='word_1_35' title='bbox 1139 1204 1372 1273; x_wconf 90' lang='lat' dir='ltr'>pastum</span> 
     </span>
     <span class='ocr_line' id='line_1_10' title="bbox 364 1281 838 1341; baseline -0.004 0"><span class='ocrx_word' id='word_1_36' title='bbox 364 1284 543 1341; x_wconf 90' lang='lat' dir='ltr'>Mella</span> <span class='ocrx_word' id='word_1_37' title='bbox 585 1281 838 1339; x_wconf 89' lang='lat' dir='ltr'>locustis.</span> 
     </span>
    </p>
   </div>
   <div class='ocr_carea' id='block_1_5' title="bbox 204 1444 1226 1508">
    <p class='ocr_par' dir='ltr' id='par_1_9' title="bbox 204 1444 1226 1508">
     <span class='ocr_line' id='line_1_11' title="bbox 204 1444 1226 1508; baseline -0.01 0"><span class='ocrx_word' id='word_1_38' title='bbox 204 1451 396 1508; x_wconf 90' lang='lat' dir='ltr'>Ceteri</span> <span class='ocrx_word' id='word_1_39' title='bbox 439 1458 662 1505; x_wconf 88' lang='lat' dir='ltr'>tantum</span> <span class='ocrx_word' id='word_1_40' title='bbox 706 1446 964 1503; x_wconf 85' lang='lat' dir='ltr'>cecinere</span> <span class='ocrx_word' id='word_1_41' title='bbox 1008 1444 1226 1500; x_wconf 91' lang='lat' dir='ltr'>Vatum</span> 
     </span>
    </p>
   </div>
   <div class='ocr_carea' id='block_1_6' title="bbox 200 1526 1450 1689">
    <p class='ocr_par' dir='ltr' id='par_1_10' title="bbox 200 1526 1450 1689">
     <span class='ocr_line' id='line_1_12' title="bbox 202 1526 1316 1608; baseline -0.01 -18"><span class='ocrx_word' id='word_1_42' title='bbox 202 1533 395 1591; x_wconf 90' lang='lat' dir='ltr'>Corde</span> <span class='ocrx_word' id='word_1_43' title='bbox 439 1547 723 1608; x_wconf 86' lang='lat' dir='ltr'>praesago</span> <span class='ocrx_word' id='word_1_44' title='bbox 764 1527 931 1604; x_wconf 85' lang='lat' dir='ltr'>jubar</span> <span class='ocrx_word' id='word_1_45' title='bbox 973 1526 1283 1584; x_wconf 87' lang='lat' dir='ltr'>affuturum</span> <span class='ocrx_word' id='word_1_46' title='bbox 1303 1542 1316 1593; x_wconf 89' lang='lat'>;</span> 
     </span>
     <span class='ocr_line' id='line_1_13' title="bbox 200 1607 1450 1689; baseline -0.009 -18"><span class='ocrx_word' id='word_1_47' title='bbox 200 1616 297 1671; x_wconf 94' lang='lat' dir='ltr'>Tu</span> <span class='ocrx_word' id='word_1_48' title='bbox 341 1614 577 1689; x_wconf 90' lang='lat' dir='ltr'>quidem</span> <span class='ocrx_word' id='word_1_49' title='bbox 619 1611 822 1668; x_wconf 93' lang='lat' dir='ltr'>mundi</span> <span class='ocrx_word' id='word_1_50' title='bbox 867 1609 1053 1668; x_wconf 89' lang='lat' dir='ltr'>scelus</span> <span class='ocrx_word' id='word_1_51' title='bbox 1098 1607 1450 1665; x_wconf 81' lang='lat' dir='ltr'>auferentem</span> 
     </span>
    </p>
   </div>
   <div class='ocr_carea' id='block_1_7' title="bbox 364 1694 827 1771">
    <p class='ocr_par' dir='ltr' id='par_1_11' title="bbox 364 1694 827 1771">
     <span class='ocr_line' id='line_1_14' title="bbox 364 1694 827 1771; baseline -0.009 -17"><span class='ocrx_word' id='word_1_52' title='bbox 364 1697 566 1754; x_wconf 89' lang='lat' dir='ltr'>Indice</span> <span class='ocrx_word' id='word_1_53' title='bbox 610 1694 827 1771; x_wconf 88' lang='lat' dir='ltr'>prodis.</span> 
     </span>
    </p>
   </div>
   <div class='ocr_carea' id='block_1_8' title="bbox 200 1855 1378 2183">
    <p class='ocr_par' dir='ltr' id='par_1_12' title="bbox 203 1855 1313 1933">
     <span class='ocr_line' id='line_1_15' title="bbox 203 1855 1313 1933; baseline -0.007 -14"><span class='ocrx_word' id='word_1_54' title='bbox 203 1863 342 1919; x_wconf 93' lang='lat' dir='ltr'>Non</span> <span class='ocrx_word' id='word_1_55' title='bbox 387 1862 490 1917; x_wconf 85' lang='lat' dir='ltr'>fuit</span> <span class='ocrx_word' id='word_1_56' title='bbox 534 1860 675 1916; x_wconf 90' lang='lat' dir='ltr'>vasti</span> <span class='ocrx_word' id='word_1_57' title='bbox 720 1857 969 1933; x_wconf 91' lang='lat' dir='ltr'>spatium</span> <span class='ocrx_word' id='word_1_58' title='bbox 1013 1874 1115 1931; x_wconf 91' lang='lat' dir='ltr'>per</span> <span class='ocrx_word' id='word_1_59' title='bbox 1158 1855 1313 1911; x_wconf 86' lang='lat' dir='ltr'>orbis</span> 
     </span>
    </p>

    <p class='ocr_par' dir='ltr' id='par_1_13' title="bbox 205 1936 1378 2017">
     <span class='ocr_line' id='line_1_16' title="bbox 205 1936 1378 2017; baseline -0.007 -15"><span class='ocrx_word' id='word_1_60' title='bbox 205 1946 465 2003; x_wconf 84' lang='lat' dir='ltr'>Sanctior</span> <span class='ocrx_word' id='word_1_61' title='bbox 509 1943 817 2017; x_wconf 86' lang='lat' dir='ltr'>quisquam</span> <span class='ocrx_word' id='word_1_62' title='bbox 860 1939 1088 2013; x_wconf 86' lang='lat' dir='ltr'>genitus</span> <span class='ocrx_word' id='word_1_63' title='bbox 1131 1936 1378 2013; x_wconf 89' lang='lat' dir='ltr'>Joanne,</span> 
     </span>
    </p>

    <p class='ocr_par' dir='ltr' id='par_1_14' title="bbox 200 2021 1323 2183">
     <span class='ocr_line' id='line_1_17' title="bbox 200 2021 1323 2099; baseline -0.008 -14"><span class='ocrx_word' id='word_1_64' title='bbox 200 2029 318 2099; x_wconf 82' lang='lat' dir='ltr'>Qui</span> <span class='ocrx_word' id='word_1_65' title='bbox 362 2026 525 2083; x_wconf 91' lang='lat' dir='ltr'>nefas</span> <span class='ocrx_word' id='word_1_66' title='bbox 570 2024 744 2082; x_wconf 90' lang='lat' dir='ltr'>saecli</span> <span class='ocrx_word' id='word_1_67' title='bbox 787 2021 995 2079; x_wconf 89' lang='lat' dir='ltr'>meruit</span> <span class='ocrx_word' id='word_1_68' title='bbox 1037 2021 1323 2078; x_wconf 85' lang='lat' dir='ltr'>lavantem</span> 
     </span>
     <span class='ocr_line' id='line_1_18' title="bbox 367 2105 932 2183; baseline -0.009 -18"><span class='ocrx_word' id='word_1_69' title='bbox 367 2108 622 2183; x_wconf 84' lang='lat' dir='ltr'>Tingere</span> <span class='ocrx_word' id='word_1_70' title='bbox 666 2105 932 2182; x_wconf 86' lang='lat' dir='ltr'>lymphis.</span> 
     </span>
    </p>
   </div>
   <div class='ocr_carea' id='block_1_9' title="bbox 200 2267 1342 2516">
    <p class='ocr_par' dir='ltr' id='par_1_15' title="bbox 200 2267 1342 2516">
     <span class='ocr_line' id='line_1_19' title="bbox 207 2267 1332 2345; baseline -0.01 -13"><span class='ocrx_word' id='word_1_71' title='bbox 207 2275 288 2332; x_wconf 83' lang='lat' dir='ltr'>Sit</span> <span class='ocrx_word' id='word_1_72' title='bbox 334 2276 510 2331; x_wconf 92' lang='lat' dir='ltr'>decus</span> <span class='ocrx_word' id='word_1_73' title='bbox 555 2272 724 2342; x_wconf 91' lang='lat' dir='ltr'>Patri,</span> <span class='ocrx_word' id='word_1_74' title='bbox 769 2270 1117 2345; x_wconf 84' lang='lat' dir='ltr'>genitaeque</span> <span class='ocrx_word' id='word_1_75' title='bbox 1163 2267 1332 2335; x_wconf 89' lang='lat' dir='ltr'>Proli,</span> 
     </span>
     <span class='ocr_line' id='line_1_20' title="bbox 200 2351 1254 2431; baseline -0.009 -17"><span class='ocrx_word' id='word_1_76' title='bbox 200 2358 275 2413; x_wconf 89' lang='lat' dir='ltr'>Et</span> <span class='ocrx_word' id='word_1_77' title='bbox 319 2358 418 2413; x_wconf 91' lang='lat' dir='ltr'>tibi</span> <span class='ocrx_word' id='word_1_78' title='bbox 463 2374 702 2431; x_wconf 91' lang='lat' dir='ltr'>compar</span> <span class='ocrx_word' id='word_1_79' title='bbox 744 2354 1038 2425; x_wconf 89' lang='lat' dir='ltr'>utriusque</span> <span class='ocrx_word' id='word_1_80' title='bbox 1083 2351 1254 2406; x_wconf 88' lang='lat' dir='ltr'>virtus</span> 
     </span>
     <span class='ocr_line' id='line_1_21' title="bbox 205 2433 1342 2516; baseline -0.01 -19"><span class='ocrx_word' id='word_1_81' title='bbox 205 2441 444 2516; x_wconf 86' lang='lat' dir='ltr'>Spiritus</span> <span class='ocrx_word' id='word_1_82' title='bbox 491 2455 735 2514; x_wconf 87' lang='lat' dir='ltr'>semper,</span> <span class='ocrx_word' id='word_1_83' title='bbox 780 2435 943 2491; x_wconf 89' lang='lat' dir='ltr'>Deus</span> <span class='ocrx_word' id='word_1_84' title='bbox 988 2451 1136 2489; x_wconf 93' lang='lat' dir='ltr'>unus</span> <span class='ocrx_word' id='word_1_85' title='bbox 1181 2433 1342 2487; x_wconf 87' lang='lat' dir='ltr'>omni</span> 
     </span>
    </p>
   </div>
   <div class='ocr_carea' id='block_1_10' title="bbox 368 2521 883 2596">
    <p class='ocr_par' dir='ltr' id='par_1_16' title="bbox 368 2521 883 2596">
     <span class='ocr_line' id='line_1_22' title="bbox 368 2521 883 2596; baseline -0.01 -18"><span class='ocrx_word' id='word_1_86' title='bbox 368 2521 679 2596; x_wconf 89' lang='lat' dir='ltr'>Temporis</span> <span class='ocrx_word' id='word_1_87' title='bbox 724 2536 883 2575; x_wconf 81' lang='lat' dir='ltr'>aeVO.</span> 
     </span>
    </p>
   </div>
   <div class='ocr_carea' id='block_1_11' title="bbox 645 2765 1052 2810">
    <p class='ocr_par' dir='ltr' id='par_1_17' title="bbox 645 2765 1052 2810">
     <span class='ocr_line' id='line_1_23' title="bbox 645 2765 1052 2810; baseline -0.007 0"><span class='ocrx_word' id='word_1_88' title='bbox 645 2770 735 2810; x_wconf 93' lang='lat' dir='ltr'>AD</span> <span class='ocrx_word' id='word_1_89' title='bbox 783 2765 1052 2808; x_wconf 85' lang='lat' dir='ltr'><strong>LAUDES.</strong></span> 
     </span>
    </p>
   </div>
   <div class='ocr_carea' id='block_1_12' title="bbox 204 2889 1215 3050">
    <p class='ocr_par' dir='ltr' id='par_1_18' title="bbox 204 2889 1215 3050">
     <span class='ocr_line' id='line_1_24' title="bbox 204 2889 1215 2966; baseline -0.012 -9"><span class='ocrx_word' id='word_1_90' title='bbox 204 2902 257 2958; x_wconf 86' lang='lat' dir='ltr'>O</span> <span class='ocrx_word' id='word_1_91' title='bbox 304 2899 473 2954; x_wconf 88' lang='lat' dir='ltr'>nimis</span> <span class='ocrx_word' id='word_1_92' title='bbox 518 2896 671 2965; x_wconf 82' lang='lat' dir='ltr'>felix,</span> <span class='ocrx_word' id='word_1_93' title='bbox 716 2891 1017 2966; x_wconf 90' lang='lat' dir='ltr'>meritique</span> <span class='ocrx_word' id='word_1_94' title='bbox 1063 2889 1215 2959; x_wconf 89' lang='lat' dir='ltr'>celsi,</span> 
     </span>
     <span class='ocr_line' id='line_1_25' title="bbox 207 2972 1214 3050; baseline -0.012 -10"><span class='ocrx_word' id='word_1_95' title='bbox 207 2982 490 3040; x_wconf 88' lang='lat' dir='ltr'>Nesciens</span> <span class='ocrx_word' id='word_1_96' title='bbox 533 2979 725 3035; x_wconf 92' lang='lat' dir='ltr'>labem</span> <span class='ocrx_word' id='word_1_97' title='bbox 769 2974 917 3031; x_wconf 90' lang='lat' dir='ltr'>nivei</span> <span class='ocrx_word' id='word_1_98' title='bbox 960 2972 1214 3050; x_wconf 87' lang='lat' dir='ltr'>pudoris,</span> 
     </span>
    </p>
   </div>
   <div class='ocr_carea' id='block_1_13' title="bbox 206 3055 1544 3138">
    <p class='ocr_par' dir='ltr' id='par_1_19' title="bbox 206 3055 1544 3138">
     <span class='ocr_line' id='line_1_26' title="bbox 206 3055 1544 3138; baseline -0.007 -17"><span class='ocrx_word' id='word_1_99' title='bbox 206 3066 561 3138; x_wconf 88' lang='lat' dir='ltr'>Praepotens</span> <span class='ocrx_word' id='word_1_100' title='bbox 603 3066 833 3132; x_wconf 88' lang='lat' dir='ltr'>martyr,</span> <span class='ocrx_word' id='word_1_101' title='bbox 878 3073 1298 3131; x_wconf 90' lang='lat' dir='ltr'>nemorumque</span> <span class='ocrx_word' id='word_1_102' title='bbox 1345 3055 1544 3124; x_wconf 77' lang='lat' dir='ltr'>cultor,</span> 
     </span>
    </p>
   </div>
   <div class='ocr_carea' id='block_1_14' title="bbox 371 3145 883 3202">
    <p class='ocr_par' dir='ltr' id='par_1_20' title="bbox 371 3145 883 3202">
     <span class='ocr_line' id='line_1_27' title="bbox 371 3145 883 3202; baseline -0.012 0"><span class='ocrx_word' id='word_1_103' title='bbox 371 3145 629 3202; x_wconf 83' lang='lat' dir='ltr'>Maxime</span> <span class='ocrx_word' id='word_1_104' title='bbox 673 3150 883 3198; x_wconf 89' lang='lat' dir='ltr'>vatum.</span> 
     </span>
    </p>
   </div>
   <div class='ocr_carea' id='block_1_15' title="bbox 1549 246 1658 316">
    <p class='ocr_par' dir='ltr' id='par_1_21' title="bbox 1549 246 1658 316">
     <span class='ocr_line' id='line_1_28' title="bbox 1549 246 1658 316; baseline 0.009 -18"><span class='ocrx_word' id='word_1_105' title='bbox 1549 246 1658 316; x_wconf 81' lang='lat'>283</span> 
     </span>
    </p>
   </div>
  </div>
 </body>
</html>
