2164 3724
456 288 536 346 In
577 287 739 346 Festo
772 288 1037 366 Corporis
1080 290 1316 350 Christi.
1586 312 1658 349 10
1661 313 1697 366 3

404 452 478 508 In
518 470 825 528 supremae
867 465 1040 513 nocte
1082 475 1299 520 coenae

407 534 783 595 Recumbens
827 555 962 594 cum
1006 538 1288 614 fratribuS‚

404 616 728 675 Observata
768 619 897 694 lege
938 621 1128 697 plene,

403 698 567 757 Cibis
611 700 670 756 in
712 701 1010 775 legalibus,

403 780 623 839 Cibum
664 784 864 841 turbae
908 785 1214 843 duodenae

407 863 487 921 Se
530 865 629 922 dat
671 866 791 923 suis
834 869 1120 926 manibus.

407 996 672 1053 Verbum
715 1017 851 1055 caro
894 1018 1108 1074 panem
1151 1020 1349 1058 verum

407 1078 610 1136 Verbo
654 1099 890 1138 carnem
933 1083 1135 1140 efficit:

406 1161 612 1237 Fitque
657 1166 894 1238 sanguis
941 1165 1153 1224 Christi
1195 1186 1457 1236 merum;

405 1243 482 1300 Et
525 1245 574 1303 si
618 1264 823 1304 sensus
869 1247 1075 1318 deficit,

403 1327 502 1383 Ad
545 1327 895 1386 firmandum
939 1349 1039 1388 cor
1078 1332 1370 1390 sincerum

405 1407 543 1466 Sola
586 1411 730 1469 fides
775 1412 996 1470 sufficit.

405 1539 667 1597 Tantum
710 1560 852 1616 ergo
898 1542 1337 1602 Sacramentum

405 1621 766 1680 Veneremur
810 1627 1039 1696 cernui;

408 1704 484 1760 Et
527 1707 830 1780 antiquum
875 1708 1289 1767 documentum

408 1786 582 1845 Novo
627 1789 794 1846 cedat
836 1791 1002 1847 ritui:

408 1868 666 1927 Praestet
709 1871 854 1930 fides
897 1874 1367 1948 supplementum.

408 1951 699 2011 Sensuum
744 1954 1008 2014 defectui·

404 2083 689 2156 Genitori,
732 2089 1047 2166 genitoque

408 2166 564 2225 Laus
610 2179 665 2225 et
701 2170 983 2244 jubilatio,

409 2248 593 2319 Salus,
641 2251 842 2322 honor,
889 2256 1063 2313 virtus
1112 2275 1342 2334 quoque

408 2330 495 2388 Sit
540 2344 595 2389 et
638 2335 1000 2394 benedictio:

408 2413 751 2474 Procedenti
795 2420 867 2474 ab
912 2431 1156 2495 utroque

412 2495 675 2572 Compar
718 2501 789 2557 sit
834 2502 1100 2560 laudatio,

497 2678 585 2718 AD
631 2678 858 2723 PRECES
911 2682 1281 2724 SEROTINAS.

647 2789 794 2868 (Per
843 2792 1148 2864 Octavam.)

327 2903 530 2962 Adoro
574 2914 628 2961 te
674 2904 895 2973 devote,
941 2906 1121 2963 latens
1167 2906 1365 2963 Deitas

324 2985 494 3055 Quae
537 2987 647 3044 sub
692 2986 780 3043 his
824 2986 1021 3060 figuris
1065 3007 1194 3045 vere
1239 2989 1454 3048 latitas:

330 3067 467 3123 Tibi
512 3087 572 3126 se
617 3087 717 3125 cor
759 3086 956 3125 meum
999 3080 1184 3127 totum
1228 3073 1471 3148 subjicit,

323 3148 481 3219 Quia
523 3160 578 3208 te
622 3153 1022 3227 contemplans
1067 3163 1251 3211 totum
1296 3156 1499 3213 deficit.
