2164 3724
496 233 573 291 In
614 233 821 291 Decoll.
867 232 930 292 S.
959 234 1222 311 soannzlv.

216 399 368 456 Aula
409 407 708 472 receptum
750 417 871 456 non
913 401 1117 458 retinet
1159 401 1346 470 timor,

215 480 355 538 Non
397 481 611 538 blanda
653 481 828 538 flectit
870 483 1053 556 gratia
1097 483 1394 558 PrincipiS,

216 562 606 620 Contaminati
650 564 791 638 quin
833 566 1140 638 reprendat

216 645 522 720 Flagitium
566 647 1063 722 opprobriumque
1106 649 1252 706 lecti.

214 810 296 867 Sit
341 827 570 867 summa
613 810 781 880 Patri,
829 830 1174 888 summaque
1218 813 1379 883 Filio,

215 892 544 967 Sanctoque
588 911 828 968 compar
871 895 1055 968 gloria
1098 896 1376 953 Flamini:

211 974 456 1032 Sanctae
500 975 726 1033 litemus
773 976 1039 1034 Trinitati

211 1056 497 1132 Perpetuo
540 1059 637 1133 pia
681 1060 857 1116 corda
900 1061 1070 1118 cultu,

512 1414 601 1455 AD
647 1413 954 1457 OFFICIUM
1002 1416 1189 1458 NOCT.

206 1625 454 1700 Impune
499 1624 633 1682 Vati
677 1644 795 1683 non
840 1627 974 1684 erit:
1026 1627 1315 1702 impotens

208 1707 427 1764 Totum
471 1708 725 1765 furorem
768 1709 983 1767 femina
1026 1711 1271 1785 colligit;

206 1790 447 1865 Iraeque
492 1810 695 1849 causas
740 1793 1075 1866 aggerando

206 1873 549 1931 Exstimulat
594 1874 712 1931 fera
755 1875 932 1932 corda
974 1876 1143 1950 regis.

205 2037 364 2107 Quid
408 2058 526 2095 non
570 2040 745 2096 libido
791 2041 952 2115 cogis
997 2041 1291 2098 adultera?

204 2119 428 2177 Dantur
473 2124 686 2180 catenis
732 2123 1015 2180 innocuae
1058 2141 1304 2180 manus:

204 2203 282 2258 At
326 2203 541 2279 alligari
587 2207 832 2263 veritatis

204 2285 416 2343 Nescia
459 2307 587 2357 vox,
636 2308 738 2345 sua
777 2290 905 2364 jura
949 2299 1148 2346 servat.

204 2450 495 2508 Christum
541 2453 628 2508 vel
672 2464 794 2510 atro
841 2454 1082 2510 carceris
1128 2454 1185 2508 in
1230 2471 1408 2526 specu

200 2533 415 2590 Praeco
459 2534 641 2593 fidelis
686 2537 936 2593 nuntiat:
992 2546 1047 2592 et
1092 2554 1227 2592 suos

204 2615 412 2672 Divina
456 2620 701 2690 patranti
747 2619 1031 2693 Magistro

200 2698 531 2772 Discipulos
572 2703 733 2776 jubet
778 2702 856 2757 ire
901 2711 1091 2758 testes,

205 2864 441 2922 Vinctus
487 2866 828 2940 triumphat3
878 2877 938 2922 tu
981 2866 1238 2939 pavitans
1284 2865 1494 2935 fremis,

204 2945 492 3019 Tyranne.
582 2948 838 3005 Caecum
883 2967 1049 3006 mens
1093 2949 1242 3005 male
1287 2952 1521 3006 conscia

202 3027 401 3098 Quatit
445 3031 766 3105 flagellum:
818 3032 1009 3089 stricta
1052 3031 1262 3089 Vatem

203 3111 568 3186 Impavidum
613 3114 772 3171 feriet
817 3115 1048 3172 securis.

806 3214 841 3253 L

1562 251 1671 308 145
