2164 3724
442 257 512 310 92

933 230 1008 288 In
1051 218 1163 286 Die
1203 229 1544 286 pentecostes.

682 398 838 457 Olim
880 414 981 471 per
1023 395 1255 451 umbras
1297 393 1517 450 vatibus

682 481 921 537 Retecta
962 477 1160 552 paucis
1201 476 1422 544 veritas,

683 563 854 619 Nunc
898 561 1037 618 orbe
1079 568 1201 616 toto
1245 558 1455 615 dissitis

679 645 786 702 Per
828 654 884 700 te
926 651 1180 717 patescat
1222 640 1505 714 gentibus

679 808 886 864 Divina
924 808 1046 882 jam
1087 823 1195 862 nos
1237 804 1430 860 unctio

682 890 957 947 Informet
999 906 1234 944 omnes:
1293 885 1567 942 hactenus

679 972 856 1030 Mutis
901 979 1116 1028 aratam
1158 969 1351 1025 litteris

678 1055 936 1111 Inscribe
978 1054 1170 1126 legem
1213 1050 1497 1107 cordibus,

682 1218 763 1274 Sit
805 1218 929 1273 laus
971 1215 1154 1284 Patri3
1213 1215 1335 1270 laus
1379 1212 1556 1268 Filio:

682 1299 1003 1373 Utrumque
1048 1298 1146 1372 qui
1187 1296 1384 1365 nectis,
1428 1294 1605 1362 Deus,

679 1381 918 1456 Utrique
962 1398 1214 1454 compar,
1260 1379 1330 1434 sit
1371 1377 1473 1433 tibi

681 1463 874 1521 Decus
917 1481 1187 1538 perenne,
1234 1460 1488 1535 Spiritus,

898 1805 989 1846 AD
1033 1802 1339 1847 OFFICIUM
1387 1802 1576 1843 NOCT.

602 2011 755 2066 Inter
799 2006 1085 2082 sulphurei
1128 2005 1351 2078 fulgura
1392 2003 1646 2071 turbinis,

601 2093 1103 2162 Flammarumque
1145 2087 1352 2162 globos
1396 2096 1451 2141 et
1495 2085 1744 2141 sonitum
1787 2086 1972 2153 tubae,

602 2175 914 2248 Antiquam
958 2171 1145 2239 veteri,
1190 2178 1385 2224 monte
1432 2167 1567 2223 Sina
1611 2185 1796 2241 super,

761 2256 981 2330 Legem
1025 2253 1126 2310 das
1168 2250 1405 2326 popuIO,
1449 2249 1625 2305 Deus.

602 2419 712 2476 His
757 2418 931 2474 infida
972 2417 1183 2491 probas
1227 2413 1400 2470 corda
1441 2413 1779 2487 pavoribus3

598 2503 669 2558 Et
712 2519 952 2575 peccare
995 2509 1166 2566 vetaS‚
1211 2506 1306 2552 aut
1347 2495 1591 2570 pretium
1633 2495 1811 2550 mori:

600 2585 817 2639 Verum
860 2581 1132 2638 terribiles
1176 2578 1314 2653 quid
1356 2578 1575 2652 parient
1616 2577 1845 2633 minae?

764 2665 900 2736 Quo
943 2673 1130 2720 tantus
1171 2661 1383 2717 recidet
1425 2659 1675 2716 tremor?

599 2829 689 2883 En
733 2828 1001 2883 fumantis
1045 2825 1232 2882 adhuc
1275 2824 1486 2880 montis
1530 2823 1604 2878 ad
1647 2821 1841 2876 infima

595 2910 763 2966 Plebs
807 2909 981 2965 oblita
1024 2908 1216 2964 datam
1259 2906 1528 2963 continuo
1572 2903 1762 2971 fidem,

599 2992 833 3047 Brutam
875 2990 1094 3065 perfida
1136 2990 1299 3063 plebs
1343 2987 1591 3060 effigiem
1633 2984 1780 3052 colit,

761 3072 896 3127 Veri
941 3072 1209 3128 Numinis
1252 3071 1310 3127 in
1353 3069 1558 3125 locum.
