2164 3724
473 210 582 262 128

953 203 1064 264 SS.
1107 203 1277 262 Petri
1309 213 1360 262 et
1395 203 1588 263 Pauli.

548 369 672 426 Vos
716 386 856 443 ergo
899 369 1044 426 votis
1088 369 1411 444 supplicum
1455 369 1808 428 solemnibus

544 451 793 508 Adeste:
845 451 1021 525 lapsis
1064 451 1360 526 impetrate
1402 452 1644 526 gratiam
1661 471 1677 523 3

545 533 624 590 Ut
669 532 1003 591 Christianis
1047 552 1422 609 assequamur
1464 535 1738 599 moribUS‚

544 615 712 685 Quae
756 625 953 673 sancta
994 616 1214 673 mundo
1255 615 1561 674 tradidistis
1605 616 1894 690 dogmata.

547 780 629 835 Sit
674 780 1024 853 sempiterno
1068 779 1415 853 sempiterna
1457 779 1580 837 laus
1625 779 1808 836 Patri:

546 861 713 918 Petro
757 880 1040 936 supernus
1085 879 1261 938 quem
1304 862 1568 919 revelavit
1611 861 1793 926 Pater,

543 944 792 1000 Aeterne
836 943 957 1013 Fili,
1002 944 1124 1001 laus
1167 943 1269 999 tibi
1313 944 1384 1000 sit
1426 944 1711 1000 maxima:

545 1025 627 1084 Sit
671 1043 774 1099 par
818 1043 1090 1102 supremo
1133 1025 1255 1083 laus
1300 1026 1592 1102 decusque
1635 1026 1896 1083 Flamini.

924 1379 1015 1420 AD
1059 1378 1365 1423 OFFICIUM
1410 1378 1600 1421 NOCT.

621 1586 778 1643 Orbe
822 1603 975 1641 nunc
1018 1594 1140 1641 toto
1184 1585 1537 1641 celebrentur
1579 1585 1754 1642 ambo

622 1669 930 1741 PrincipeS,
976 1667 1131 1723 orbis
1177 1667 1352 1723 decus
1396 1676 1566 1742 atque
1610 1667 1822 1735 lumen,

623 1750 780 1806 Mille
825 1751 921 1824 qui
966 1748 1195 1806 Christo
1239 1767 1511 1823 peperere
1555 1749 1709 1805 verbi

786 1832 1016 1893 Semine
1059 1840 1277 1905 genteS.

620 1998 833 2063 Auctor
877 1994 1124 2067 incoepti
1168 1993 1360 2049 Deus:
1422 1993 1511 2050 ille
1555 2004 1730 2051 terras

624 2078 903 2145 IncolenS,
948 2077 1160 2150 primas
1204 2076 1320 2144 tibi,
1366 2075 1547 2145 Petre,
1593 2076 1770 2132 defert
1791 2096 1804 2144 ;

618 2160 761 2228 Mox
806 2168 971 2223 vocat
1014 2157 1274 2226 Paulum,
1320 2176 1549 2232 seperas
1592 2176 1884 2233 regressus

780 2241 978 2297 Victor
1020 2239 1093 2308 ad
1137 2258 1311 2296 arces,

618 2406 773 2463 Alter
817 2404 1029 2460 aeterni
1074 2402 1253 2459 Patris
1298 2403 1547 2459 eruditur

621 2488 778 2543 Voce
823 2486 1088 2559 delapsa:
1149 2503 1318 2558 super
1360 2495 1510 2543 astra
1551 2495 1746 2559 raptus

616 2569 773 2637 Alter
817 2585 1056 2626 arcanae
1101 2585 1261 2624 sacra
1303 2567 1548 2624 veritatis

775 2650 1038 2712 Flumina
1078 2658 1255 2724 potat.

614 2813 847 2881 Quanta
890 2813 997 2870 sub
1040 2813 1132 2868 vili
1176 2813 1352 2869 latitat
1395 2822 1650 2887 potestas

613 2893 911 2968 Corpore!
971 2895 1229 2951 infirmos
1272 2904 1370 2950 tua
1413 2904 1574 2951 sanat
1618 2895 1838 2960 umbra,

614 2974 812 3031 Petre:
873 2975 1106 3033 lethales
1150 2987 1263 3046 tua,
1308 2976 1499 3048 Paule,
1542 2977 1757 3053 pellunt

771 3058 974 3125 Lintea
1014 3059 1269 3126 morbos.
