2164 3724
557 239 751 298 Missa
780 239 842 295 de
871 236 1076 313 Septem
1106 235 1426 292 Dolorz‘bus.
1667 202 1785 305 38'3

325 530 570 588 MISSA
620 526 732 584 DE
787 522 1112 583 SEPTEM
1163 519 1640 580 DOLORIBUS

678 651 744 708 B.
777 649 860 706 M.
891 645 1289 705 VIRGINIS.

506 802 704 860 Stabat
747 797 938 854 Mater
980 796 1266 864 dolorosa,

500 885 673 961 Juxta
715 898 948 937 crucem
991 879 1330 952 lacrymosa,

582 966 743 1022 Dum
787 961 1077 1037 pendebat
1119 960 1334 1029 Filius3

504 1050 685 1123 Cujus
728 1046 983 1102 animam
1025 1052 1374 1117 gementem,

504 1130 953 1188 Contristantem
996 1135 1051 1182 et
1096 1125 1408 1193 dolentem,

582 1210 945 1269 Pertransivit
987 1208 1228 1282 gladius

501 1348 553 1404 O
599 1362 774 1420 quam
818 1342 987 1399 tristis
1033 1350 1088 1396 et
1132 1339 1341 1396 afflicta

499 1429 628 1485 Fuit
669 1427 765 1483 illa
803 1423 1105 1482 benedicta

579 1510 768 1566 Mater
810 1506 1124 1580 Unigeniti‚

503 1593 670 1664 Quae
714 1590 1011 1647 moerebat
1056 1598 1111 1644 et
1154 1587 1385 1642 dolebat

501 1676 572 1731 Et
615 1674 911 1741 tremebat,
957 1689 1091 1728 eum
1134 1669 1361 1725 videbat

578 1758 714 1814 Nati
755 1773 977 1830 poenas
1023 1752 1231 1826 inclyti.

499 1892 645 1962 Quis
691 1898 776 1946 est
819 1888 998 1946 homo
1043 1885 1140 1959 qui
1183 1901 1303 1939 non
1347 1882 1523 1948 fleret,

500 1973 710 2031 Christi
749 1980 992 2027 matrem
1039 1969 1085 2024 si
1126 1966 1338 2022 videret

579 2057 648 2111 In
690 2064 849 2116 tanto
881 2051 1199 2126 supplicio:

498 2140 644 2210 Quis
687 2146 886 2211 posset
929 2152 1048 2190 non
1092 2131 1410 2188 contristari

498 2223 659 2278 Piam
702 2230 944 2275 matrem
988 2213 1381 2287 contemplari,

576 2304 888 2359 Dolentem
933 2317 1066 2355 eum
1111 2296 1291 2352 Filio!

499 2438 607 2492 Pro
651 2432 902 2509 peccatis
948 2447 1084 2508 suae
1128 2427 1333 2502 gentis,

495 2519 653 2574 Vidit
695 2516 897 2592 Jesum
940 2513 999 2567 in
1048 2509 1363 2577 tormentis,

574 2601 649 2655 Et
692 2596 931 2671 flagellis
976 2593 1304 2650 subditum:

499 2683 657 2739 Vidit
701 2699 868 2737 Suum
915 2677 1142 2734 dulcem
1185 2683 1384 2729 natum

406 2784 409 2832 ζ
491 2765 855 2830 Morientem‚
901 2758 1238 2825 desolatum,

572 2847 734 2903 Dum
770 2842 958 2900 emisit
1002 2840 1280 2915 spiritum.

491 2982 597 3037 Eia
641 2979 844 3047 Mater,
888 2976 1018 3033 fons
1062 2973 1292 3041 amoris,
1344 2972 1350 3044 ζ

492 3064 591 3120 Me
636 3061 844 3119 sentire
889 3059 1002 3114 vim
1046 3055 1276 3123 doloris,

571 3146 685 3201 Fac
729 3153 791 3200 ut
834 3154 1025 3199 tecum
1069 3139 1299 3212 lugeam
