<?xml version="1.0" encoding="UTF-8"?>
<!DOCTYPE html PUBLIC "-//W3C//DTD XHTML 1.0 Transitional//EN"
    "http://www.w3.org/TR/xhtml1/DTD/xhtml1-transitional.dtd">
<html xmlns="http://www.w3.org/1999/xhtml" xml:lang="en" lang="en">
 <head>
  <title>
</title>
<meta http-equiv="Content-Type" content="text/html;charset=utf-8" />
  <meta name='ocr-system' content='tesseract 3.04.00' />
  <meta name='ocr-capabilities' content='ocr_page ocr_carea ocr_par ocr_line ocrx_word'/>
</head>
<body>
  <div class='ocr_page' id='page_1' title='image "./hymniecc00newmuoft_0312.png"; bbox 0 0 2164 3724; ppageno 0'>
   <div class='ocr_carea' id='block_1_1' title="bbox 436 257 1721 331">
    <p class='ocr_par' dir='ltr' id='par_1_1' title="bbox 436 257 1721 331">
     <span class='ocr_line' id='line_1_1' title="bbox 436 257 1721 331; baseline 0.008 -17"><span class='ocrx_word' id='word_1_1' title='bbox 436 260 552 331; x_wconf 80' lang='lat'>284</span> <span class='ocrx_word' id='word_1_2' title='bbox 772 258 849 316; x_wconf 86' lang='lat' dir='ltr'>In</span> <span class='ocrx_word' id='word_1_3' title='bbox 891 257 1052 317; x_wconf 85' lang='lat' dir='ltr'>Festo</span> <span class='ocrx_word' id='word_1_4' title='bbox 1095 258 1208 320; x_wconf 85' lang='lat' dir='ltr'>SS.</span> <span class='ocrx_word' id='word_1_5' title='bbox 1237 260 1408 319; x_wconf 73' lang='lat' dir='ltr'>Petri</span> <span class='ocrx_word' id='word_1_6' title='bbox 1442 269 1492 320; x_wconf 85' lang='lat' dir='ltr'>et</span> <span class='ocrx_word' id='word_1_7' title='bbox 1527 266 1721 324; x_wconf 82' lang='lat' dir='ltr'>Pauli.</span> 
     </span>
    </p>
   </div>
   <div class='ocr_carea' id='block_1_2' title="bbox 594 419 1837 726">
    <p class='ocr_par' dir='ltr' id='par_1_2' title="bbox 598 419 1597 481">
     <span class='ocr_line' id='line_1_2' title="bbox 598 419 1597 481; baseline 0.003 -4"><span class='ocrx_word' id='word_1_8' title='bbox 598 419 759 477; x_wconf 88' lang='lat' dir='ltr'>Serta</span> <span class='ocrx_word' id='word_1_9' title='bbox 800 430 884 476; x_wconf 89' lang='lat' dir='ltr'>ter</span> <span class='ocrx_word' id='word_1_10' title='bbox 928 419 1091 479; x_wconf 90' lang='lat' dir='ltr'>denis</span> <span class='ocrx_word' id='word_1_11' title='bbox 1132 421 1275 481; x_wconf 91' lang='lat' dir='ltr'>alios</span> <span class='ocrx_word' id='word_1_12' title='bbox 1318 434 1597 480; x_wconf 90' lang='lat' dir='ltr'>coronant</span> 
     </span>
    </p>

    <p class='ocr_par' dir='ltr' id='par_1_3' title="bbox 594 502 1837 579">
     <span class='ocr_line' id='line_1_3' title="bbox 594 502 1837 579; baseline 0.006 -22"><span class='ocrx_word' id='word_1_13' title='bbox 594 502 783 558; x_wconf 88' lang='lat' dir='ltr'>Aucta</span> <span class='ocrx_word' id='word_1_14' title='bbox 826 504 1146 574; x_wconf 84' lang='lat' dir='ltr'>crementiS‚</span> <span class='ocrx_word' id='word_1_15' title='bbox 1191 504 1478 579; x_wconf 89' lang='lat' dir='ltr'>duplicata</span> <span class='ocrx_word' id='word_1_16' title='bbox 1520 507 1837 579; x_wconf 84' lang='lat' dir='ltr'>quosdam3</span> 
     </span>
    </p>

    <p class='ocr_par' dir='ltr' id='par_1_4' title="bbox 594 581 1708 726">
     <span class='ocr_line' id='line_1_4' title="bbox 594 581 1708 653; baseline 0.006 -15"><span class='ocrx_word' id='word_1_17' title='bbox 594 581 776 653; x_wconf 87' lang='lat' dir='ltr'>Trina</span> <span class='ocrx_word' id='word_1_18' title='bbox 819 594 874 642; x_wconf 92' lang='lat' dir='ltr'>te</span> <span class='ocrx_word' id='word_1_19' title='bbox 915 584 1104 644; x_wconf 90' lang='lat' dir='ltr'>fructu</span> <span class='ocrx_word' id='word_1_20' title='bbox 1143 586 1433 644; x_wconf 88' lang='lat' dir='ltr'>cumulata</span> <span class='ocrx_word' id='word_1_21' title='bbox 1477 597 1708 645; x_wconf 91' lang='lat' dir='ltr'>centurn</span> 
     </span>
     <span class='ocr_line' id='line_1_5' title="bbox 758 666 1330 726; baseline 0.009 -4"><span class='ocrx_word' id='word_1_22' title='bbox 758 666 1021 726; x_wconf 87' lang='lat' dir='ltr'>Nexibus</span> <span class='ocrx_word' id='word_1_23' title='bbox 1063 678 1282 726; x_wconf 85' lang='lat' dir='ltr'>ornant.</span> <span class='ocrx_word' id='word_1_24' title='bbox 1297 669 1330 705; x_wconf 86' lang='grc'><strong><em>*</em></strong></span> 
     </span>
    </p>
   </div>
   <div class='ocr_carea' id='block_1_3' title="bbox 591 827 1807 1156">
    <p class='ocr_par' dir='ltr' id='par_1_5' title="bbox 595 827 1720 908">
     <span class='ocr_line' id='line_1_6' title="bbox 595 827 1720 908; baseline 0.005 -24"><span class='ocrx_word' id='word_1_25' title='bbox 595 827 894 889; x_wconf 85' lang='lat' dir='ltr'>Laudibus</span> <span class='ocrx_word' id='word_1_26' title='bbox 939 831 1090 890; x_wconf 89' lang='lat' dir='ltr'>cives</span> <span class='ocrx_word' id='word_1_27' title='bbox 1136 833 1425 890; x_wconf 90' lang='lat' dir='ltr'>celebrent</span> <span class='ocrx_word' id='word_1_28' title='bbox 1469 835 1720 908; x_wconf 85' lang='lat' dir='ltr'><strong>superni,</strong></span> 
     </span>
    </p>

    <p class='ocr_par' dir='ltr' id='par_1_6' title="bbox 592 910 1772 991">
     <span class='ocr_line' id='line_1_7' title="bbox 592 910 1772 991; baseline 0.006 -25"><span class='ocrx_word' id='word_1_29' title='bbox 592 910 682 967; x_wconf 93' lang='lat' dir='ltr'>Te</span> <span class='ocrx_word' id='word_1_30' title='bbox 726 911 888 969; x_wconf 90' lang='lat' dir='ltr'>Deus</span> <span class='ocrx_word' id='word_1_31' title='bbox 933 913 1195 989; x_wconf 89' lang='lat' dir='ltr'>simplex,</span> <span class='ocrx_word' id='word_1_32' title='bbox 1239 915 1568 991; x_wconf 83' lang='lat' dir='ltr'>pariterque</span> <span class='ocrx_word' id='word_1_33' title='bbox 1611 917 1772 986; x_wconf 86' lang='lat' dir='ltr'>trine,</span> 
     </span>
    </p>

    <p class='ocr_par' dir='ltr' id='par_1_7' title="bbox 591 993 1807 1156">
     <span class='ocr_line' id='line_1_8' title="bbox 591 993 1807 1074; baseline 0.005 -25"><span class='ocrx_word' id='word_1_34' title='bbox 591 993 892 1070; x_wconf 86' lang='lat' dir='ltr'>Supplices</span> <span class='ocrx_word' id='word_1_35' title='bbox 937 1005 992 1052; x_wconf 92' lang='lat' dir='ltr'>et</span> <span class='ocrx_word' id='word_1_36' title='bbox 1035 1015 1144 1055; x_wconf 93' lang='lat' dir='ltr'>nos</span> <span class='ocrx_word' id='word_1_37' title='bbox 1189 998 1420 1055; x_wconf 88' lang='lat' dir='ltr'>veniam</span> <span class='ocrx_word' id='word_1_38' title='bbox 1463 1017 1807 1074; x_wconf 86' lang='lat' dir='ltr'>precamur:</span> 
     </span>
     <span class='ocr_line' id='line_1_9' title="bbox 753 1075 1303 1156; baseline 0.007 -24"><span class='ocrx_word' id='word_1_39' title='bbox 753 1075 932 1134; x_wconf 85' lang='lat' dir='ltr'>Parce</span> <span class='ocrx_word' id='word_1_40' title='bbox 974 1078 1303 1156; x_wconf 78' lang='lat' dir='ltr'>redemptis,</span> 
     </span>
    </p>
   </div>
   <div class='ocr_carea' id='block_1_4' title="bbox 1036 1259 1430 1267">
    <p class='ocr_par' dir='ltr' id='par_1_8' title="bbox 1036 1259 1430 1267">
     <span class='ocr_line' id='line_1_10' title="bbox 1036 1259 1430 1267; baseline 0.005 -2"><span class='ocrx_word' id='word_1_41' title='bbox 1036 1262 1040 1263; x_wconf 26' lang='grc' dir='ltr'><em>γ</em></span> <span class='ocrx_word' id='word_1_42' title='bbox 1051 1259 1262 1266; x_wconf 35' lang='grc' dir='ltr'>,ἡ</span> <span class='ocrx_word' id='word_1_43' title='bbox 1294 1264 1430 1267; x_wconf 38' lang='grc' dir='ltr'>Ἦ--ψ-</span> 
     </span>
    </p>
   </div>
   <div class='ocr_carea' id='block_1_5' title="bbox 613 1365 1840 1551">
    <p class='ocr_par' dir='ltr' id='par_1_9' title="bbox 613 1365 1840 1551">
     <span class='ocr_line' id='line_1_11' title="bbox 613 1365 1840 1429; baseline 0.004 -8"><span class='ocrx_word' id='word_1_44' title='bbox 613 1365 700 1422; x_wconf 90' lang='grc' dir='ltr'>ΙΝ</span> <span class='ocrx_word' id='word_1_45' title='bbox 748 1366 1016 1425; x_wconf 90' lang='lat' dir='ltr'>FESTO</span> <span class='ocrx_word' id='word_1_46' title='bbox 1065 1367 1164 1426; x_wconf 82' lang='lat' dir='ltr'>SS.</span> <span class='ocrx_word' id='word_1_47' title='bbox 1210 1369 1840 1429; x_wconf 88' lang='lat' dir='ltr'>APOSTOLORUM</span> 
     </span>
     <span class='ocr_line' id='line_1_12' title="bbox 870 1490 1583 1551; baseline 0.006 -4"><span class='ocrx_word' id='word_1_48' title='bbox 870 1490 1120 1548; x_wconf 92' lang='lat' dir='ltr'><strong>PETRI</strong></span> <span class='ocrx_word' id='word_1_49' title='bbox 1163 1491 1275 1549; x_wconf 93' lang='lat' dir='ltr'>ET</span> <span class='ocrx_word' id='word_1_50' title='bbox 1320 1493 1583 1551; x_wconf 91' lang='lat' dir='ltr'>PAULI.</span> 
     </span>
    </p>
   </div>
   <div class='ocr_carea' id='block_1_6' title="bbox 997 1694 1456 1737">
    <p class='ocr_par' dir='ltr' id='par_1_10' title="bbox 997 1694 1456 1737">
     <span class='ocr_line' id='line_1_13' title="bbox 997 1694 1456 1737; baseline 0.007 -3"><span class='ocrx_word' id='word_1_51' title='bbox 997 1695 1086 1735; x_wconf 90' lang='lat' dir='ltr'>AD</span> <span class='ocrx_word' id='word_1_52' title='bbox 1134 1694 1456 1737; x_wconf 88' lang='lat' dir='ltr'>VESPERAS.</span> 
     </span>
    </p>
   </div>
   <div class='ocr_carea' id='block_1_7' title="bbox 583 1833 1871 2157">
    <p class='ocr_par' dir='ltr' id='par_1_11' title="bbox 583 1833 1871 2157">
     <span class='ocr_line' id='line_1_14' title="bbox 583 1833 1662 1906; baseline 0.003 -16"><span class='ocrx_word' id='word_1_53' title='bbox 583 1833 813 1890; x_wconf 85' lang='lat' dir='ltr'>Decora</span> <span class='ocrx_word' id='word_1_54' title='bbox 857 1834 953 1890; x_wconf 84' lang='lat' dir='ltr'>lux</span> <span class='ocrx_word' id='word_1_55' title='bbox 998 1835 1381 1906; x_wconf 85' lang='lat' dir='ltr'>Aeternitatis‚</span> <span class='ocrx_word' id='word_1_56' title='bbox 1429 1855 1662 1893; x_wconf 90' lang='lat' dir='ltr'>auream</span> 
     </span>
     <span class='ocr_line' id='line_1_15' title="bbox 583 1917 1564 1991; baseline 0.003 -19"><span class='ocrx_word' id='word_1_57' title='bbox 583 1917 756 1973; x_wconf 90' lang='lat' dir='ltr'>Diem</span> <span class='ocrx_word' id='word_1_58' title='bbox 800 1917 982 1973; x_wconf 92' lang='lat' dir='ltr'>beatis</span> <span class='ocrx_word' id='word_1_59' title='bbox 1026 1918 1273 1991; x_wconf 85' lang='lat' dir='ltr'>irrigavit</span> <span class='ocrx_word' id='word_1_60' title='bbox 1316 1919 1564 1991; x_wconf 81' lang='lat' dir='ltr'>ignibus,</span> 
     </span>
     <span class='ocr_line' id='line_1_16' title="bbox 583 1999 1824 2076; baseline 0.006 -22"><span class='ocrx_word' id='word_1_61' title='bbox 583 1999 1001 2073; x_wconf 87' lang='lat' dir='ltr'>Apostolorum</span> <span class='ocrx_word' id='word_1_62' title='bbox 1046 2018 1194 2073; x_wconf 90' lang='lat' dir='ltr'>quae</span> <span class='ocrx_word' id='word_1_63' title='bbox 1238 2010 1475 2057; x_wconf 89' lang='lat' dir='ltr'>coronat</span> <span class='ocrx_word' id='word_1_64' title='bbox 1519 2003 1824 2076; x_wconf 78' lang='lat' dir='ltr'>principeS‚</span> 
     </span>
     <span class='ocr_line' id='line_1_17' title="bbox 584 2081 1871 2157; baseline 0.004 -21"><span class='ocrx_word' id='word_1_65' title='bbox 584 2081 838 2155; x_wconf 88' lang='lat' dir='ltr'>Reisque</span> <span class='ocrx_word' id='word_1_66' title='bbox 884 2081 942 2136; x_wconf 92' lang='lat' dir='ltr'>in</span> <span class='ocrx_word' id='word_1_67' title='bbox 986 2090 1138 2138; x_wconf 91' lang='lat' dir='ltr'>astra</span> <span class='ocrx_word' id='word_1_68' title='bbox 1179 2081 1417 2139; x_wconf 89' lang='lat' dir='ltr'>liberam</span> <span class='ocrx_word' id='word_1_69' title='bbox 1461 2084 1662 2157; x_wconf 88' lang='lat' dir='ltr'>pandit</span> <span class='ocrx_word' id='word_1_70' title='bbox 1706 2087 1871 2142; x_wconf 90' lang='lat' dir='ltr'>viam.</span> 
     </span>
    </p>
   </div>
   <div class='ocr_carea' id='block_1_8' title="bbox 581 2245 2021 2566">
    <p class='ocr_par' dir='ltr' id='par_1_12' title="bbox 584 2245 1814 2403">
     <span class='ocr_line' id='line_1_18' title="bbox 585 2245 1805 2322; baseline 0.004 -23"><span class='ocrx_word' id='word_1_71' title='bbox 585 2245 791 2300; x_wconf 86' lang='lat' dir='ltr'>Mundi</span> <span class='ocrx_word' id='word_1_72' title='bbox 835 2245 1124 2319; x_wconf 87' lang='lat' dir='ltr'>magister,</span> <span class='ocrx_word' id='word_1_73' title='bbox 1171 2255 1343 2319; x_wconf 91' lang='lat' dir='ltr'>atque</span> <span class='ocrx_word' id='word_1_74' title='bbox 1389 2247 1533 2303; x_wconf 91' lang='lat' dir='ltr'>coeli</span> <span class='ocrx_word' id='word_1_75' title='bbox 1573 2249 1805 2322; x_wconf 78' lang='lat' dir='ltr'>janitor,</span> 
     </span>
     <span class='ocr_line' id='line_1_19' title="bbox 584 2327 1814 2403; baseline 0.004 -21"><span class='ocrx_word' id='word_1_76' title='bbox 584 2327 809 2383; x_wconf 90' lang='lat' dir='ltr'>Romae</span> <span class='ocrx_word' id='word_1_77' title='bbox 854 2336 1136 2401; x_wconf 88' lang='lat' dir='ltr'>parentes,</span> <span class='ocrx_word' id='word_1_78' title='bbox 1181 2328 1490 2402; x_wconf 90' lang='lat' dir='ltr'>arbitrique</span> <span class='ocrx_word' id='word_1_79' title='bbox 1533 2331 1814 2403; x_wconf 82' lang='lat' dir='ltr'>gentium,</span> 
     </span>
    </p>

    <p class='ocr_par' dir='ltr' id='par_1_13' title="bbox 581 2409 2021 2566">
     <span class='ocr_line' id='line_1_20' title="bbox 584 2409 2021 2484; baseline 0.003 -21"><span class='ocrx_word' id='word_1_80' title='bbox 584 2410 690 2464; x_wconf 86' lang='lat' dir='ltr'>Per</span> <span class='ocrx_word' id='word_1_81' title='bbox 734 2410 887 2466; x_wconf 89' lang='lat' dir='ltr'>ensis</span> <span class='ocrx_word' id='word_1_82' title='bbox 931 2409 1039 2479; x_wconf 91' lang='lat' dir='ltr'>ille,</span> <span class='ocrx_word' id='word_1_83' title='bbox 1084 2409 1176 2467; x_wconf 91' lang='lat' dir='ltr'>hic</span> <span class='ocrx_word' id='word_1_84' title='bbox 1218 2427 1321 2484; x_wconf 91' lang='lat' dir='ltr'>per</span> <span class='ocrx_word' id='word_1_85' title='bbox 1366 2412 1548 2468; x_wconf 92' lang='lat' dir='ltr'>crucis</span> <span class='ocrx_word' id='word_1_86' title='bbox 1593 2412 1773 2469; x_wconf 88' lang='lat' dir='ltr'>victor</span> <span class='ocrx_word' id='word_1_87' title='bbox 1818 2432 2021 2469; x_wconf 88' lang='lat' dir='ltr'>necem</span> 
     </span>
     <span class='ocr_line' id='line_1_21' title="bbox 581 2491 1691 2566; baseline 0.005 -21"><span class='ocrx_word' id='word_1_88' title='bbox 581 2491 745 2548; x_wconf 87' lang='lat' dir='ltr'>Vitae</span> <span class='ocrx_word' id='word_1_89' title='bbox 791 2501 1054 2548; x_wconf 90' lang='lat' dir='ltr'>senatum</span> <span class='ocrx_word' id='word_1_90' title='bbox 1097 2492 1331 2549; x_wconf 89' lang='lat' dir='ltr'>laureati</span> <span class='ocrx_word' id='word_1_91' title='bbox 1372 2493 1691 2566; x_wconf 90' lang='lat' dir='ltr'>possident.</span> 
     </span>
    </p>
   </div>
   <div class='ocr_carea' id='block_1_9' title="bbox 686 2623 1602 2883">
    <p class='ocr_par' dir='ltr' id='par_1_14' title="bbox 686 2623 1602 2883">
     <span class='ocr_line' id='line_1_22' title="bbox 686 2623 1602 2683; baseline 0.002 -16"><span class='ocrx_word' id='word_1_92' title='bbox 686 2628 714 2653; x_wconf 65' lang='lat'>²*</span> <span class='ocrx_word' id='word_1_93' title='bbox 739 2623 870 2667; x_wconf 92' lang='lat' dir='ltr'>Nunc</span> <span class='ocrx_word' id='word_1_94' title='bbox 901 2631 1055 2683; x_wconf 89' lang='lat' dir='ltr'>potens</span> <span class='ocrx_word' id='word_1_95' title='bbox 1088 2624 1218 2669; x_wconf 85' lang='lat' dir='ltr'>nostri</span> <span class='ocrx_word' id='word_1_96' title='bbox 1251 2623 1414 2668; x_wconf 88' lang='lat' dir='ltr'>meritis</span> <span class='ocrx_word' id='word_1_97' title='bbox 1446 2626 1602 2683; x_wconf 85' lang='lat' dir='ltr'>opimis</span> 
     </span>
     <span class='ocr_line' id='line_1_23' title="bbox 732 2689 1454 2750; baseline 0.004 -18"><span class='ocrx_word' id='word_1_98' title='bbox 732 2689 921 2734; x_wconf 86' lang='lat' dir='ltr'>Pectoris</span> <span class='ocrx_word' id='word_1_99' title='bbox 943 2690 1068 2734; x_wconf 90' lang='lat' dir='ltr'>duros</span> <span class='ocrx_word' id='word_1_100' title='bbox 1101 2689 1262 2750; x_wconf 88' lang='lat' dir='ltr'>lapides</span> <span class='ocrx_word' id='word_1_101' title='bbox 1285 2690 1454 2742; x_wconf 88' lang='lat' dir='ltr'>revelle,</span> 
     </span>
     <span class='ocr_line' id='line_1_24' title="bbox 732 2755 1576 2814; baseline 0.001 -15"><span class='ocrx_word' id='word_1_102' title='bbox 732 2756 947 2814; x_wconf 85' lang='lat' dir='ltr'>Asperum</span> <span class='ocrx_word' id='word_1_103' title='bbox 980 2755 1155 2814; x_wconf 87' lang='lat' dir='ltr'>planans</span> <span class='ocrx_word' id='word_1_104' title='bbox 1189 2755 1285 2809; x_wconf 90' lang='lat' dir='ltr'>iter,</span> <span class='ocrx_word' id='word_1_105' title='bbox 1319 2764 1363 2800; x_wconf 89' lang='lat' dir='ltr'>et</span> <span class='ocrx_word' id='word_1_106' title='bbox 1396 2756 1576 2801; x_wconf 89' lang='lat' dir='ltr'>reflexos</span> 
     </span>
     <span class='ocr_line' id='line_1_25' title="bbox 865 2820 1185 2883; baseline 0.006 -19"><span class='ocrx_word' id='word_1_107' title='bbox 865 2820 1016 2883; x_wconf 88' lang='lat' dir='ltr'>Dirige</span> <span class='ocrx_word' id='word_1_108' title='bbox 1050 2821 1185 2866; x_wconf 84' lang='lat' dir='ltr'>calles.</span> 
     </span>
    </p>
   </div>
   <div class='ocr_carea' id='block_1_10' title="bbox 731 2952 1657 3212">
    <p class='ocr_par' dir='ltr' id='par_1_15' title="bbox 731 2952 1657 3146">
     <span class='ocr_line' id='line_1_26' title="bbox 733 2952 1657 3013; baseline 0.002 -17"><span class='ocrx_word' id='word_1_109' title='bbox 733 2954 793 2996; x_wconf 89' lang='lat' dir='ltr'>Ut</span> <span class='ocrx_word' id='word_1_110' title='bbox 826 2953 919 3012; x_wconf 89' lang='lat' dir='ltr'>pius</span> <span class='ocrx_word' id='word_1_111' title='bbox 951 2953 1104 2998; x_wconf 88' lang='lat' dir='ltr'>mundi</span> <span class='ocrx_word' id='word_1_112' title='bbox 1140 2952 1259 2998; x_wconf 86' lang='lat' dir='ltr'>Sator</span> <span class='ocrx_word' id='word_1_113' title='bbox 1293 2961 1336 2998; x_wconf 88' lang='lat' dir='ltr'>et</span> <span class='ocrx_word' id='word_1_114' title='bbox 1371 2954 1657 3013; x_wconf 88' lang='lat' dir='ltr'>Redemptor,</span> 
     </span>
     <span class='ocr_line' id='line_1_27' title="bbox 731 3019 1548 3080; baseline 0.004 -19"><span class='ocrx_word' id='word_1_115' title='bbox 731 3019 952 3064; x_wconf 89' lang='lat' dir='ltr'>Mentibus</span> <span class='ocrx_word' id='word_1_116' title='bbox 985 3020 1133 3078; x_wconf 85' lang='lat' dir='ltr'>culpae</span> <span class='ocrx_word' id='word_1_117' title='bbox 1167 3020 1259 3064; x_wconf 90' lang='lat' dir='ltr'>sine</span> <span class='ocrx_word' id='word_1_118' title='bbox 1294 3020 1387 3064; x_wconf 89' lang='lat' dir='ltr'>labe</span> <span class='ocrx_word' id='word_1_119' title='bbox 1421 3020 1548 3080; x_wconf 86' lang='lat' dir='ltr'>puris,</span> 
     </span>
     <span class='ocr_line' id='line_1_28' title="bbox 731 3085 1452 3146; baseline 0.004 -19"><span class='ocrx_word' id='word_1_120' title='bbox 731 3085 833 3128; x_wconf 81' lang='lat' dir='ltr'>Rite</span> <span class='ocrx_word' id='word_1_121' title='bbox 868 3085 1067 3146; x_wconf 88' lang='lat' dir='ltr'>dignetur</span> <span class='ocrx_word' id='word_1_122' title='bbox 1100 3085 1276 3130; x_wconf 87' lang='lat' dir='ltr'>veniens</span> <span class='ocrx_word' id='word_1_123' title='bbox 1308 3086 1452 3130; x_wconf 87' lang='lat' dir='ltr'>beatos</span> 
     </span>
    </p>

    <p class='ocr_par' dir='ltr' id='par_1_16' title="bbox 861 3150 1239 3212">
     <span class='ocr_line' id='line_1_29' title="bbox 861 3150 1239 3212; baseline 0.003 -19"><span class='ocrx_word' id='word_1_124' title='bbox 861 3150 1029 3195; x_wconf 89' lang='lat' dir='ltr'>Ponere</span> <span class='ocrx_word' id='word_1_125' title='bbox 1064 3165 1239 3212; x_wconf 80' lang='lat' dir='ltr'>gressus,</span> 
     </span>
    </p>
   </div>
  </div>
 </body>
</html>
