2164 3724
413 215 527 254 100
807 158 811 159 ⁷
886 193 964 252 In
1005 193 1168 253 Festo
1214 182 1528 255 Trz'nz'tatzk.

733 358 845 433 Est
882 367 1035 417 totus
1077 360 1136 416 in
1177 360 1332 419 Nato
1377 362 1560 432 Pater,

733 441 804 497 In
847 440 1015 498 Patre
1057 451 1210 500 totus
1254 444 1465 515 Filius;

736 523 795 580 N
798 532 1009 599 atoque
1048 525 1255 598 plenus
1298 544 1365 582 ac
1409 527 1576 585 Patre

711 630 724 673 j
742 605 902 663 Inest
944 606 1168 681 utrique
1215 607 1471 682 Spiritus,

682 807 688 812 -
741 768 920 839 Quod
959 768 1145 827 Natus
1189 781 1291 841 est,
1335 771 1447 830 hoc
1492 774 1732 850 Spiritus
1751 794 1766 844 ;

743 850 881 907 Hoc
924 860 1010 908 est
1051 861 1290 928 uterque
1334 856 1492 929 quod
1536 857 1735 922 Pater:

745 931 894 990 Tres
934 951 1051 990 una
1097 931 1324 992 summa
1366 937 1626 996 Veritas:

745 1013 894 1071 Tres
936 1034 1052 1073 una
1095 1035 1323 1076 summa
1367 1018 1606 1078 Caritas,

741 1179 995 1236 Aeterna
1037 1179 1189 1237 Patri
1232 1181 1430 1255 gloria,

746 1260 1017 1336 Natoque
1062 1263 1132 1318 sit
1175 1281 1308 1319 cum
1355 1264 1581 1340 Spiritu,

750 1342 868 1413 Qui
910 1344 1042 1400 vivit
1084 1353 1139 1401 et
1181 1357 1381 1420 regnat
1424 1347 1584 1405 Deus

749 1424 819 1481 In
861 1425 1186 1484 seculorum
1229 1429 1436 1489 secula..

585 1726 673 1782 IN
720 1726 985 1784 FESTO
1046 1728 1460 1786 CORPORIS
1515 1730 1873 1788 CHRISTI.
2157 1726 2164 1778 i

896 1876 986 1916 AD
1032 1876 1340 1920 OFFICIUM
1387 1879 1575 1921 Nocr.

596 1997 783 2055 Sacris
829 1996 1120 2054 solemniis
1160 1998 1357 2072 juncta
1401 2000 1510 2055 sint
1553 2002 1779 2074 gaudia,

596 2080 670 2136 Et
711 2098 781 2135 ex
825 2079 1170 2153 praecordiis
1214 2091 1421 2137 sonent
1461 2084 1799 2155 praeconia:

598 2161 896 2218 Recedant
938 2171 1142 2230 vetera,
1186 2180 1336 2217 nova
1379 2163 1490 2219 sint
1533 2167 1745 2234 omnia,
1795 2207 1802 2215 .

762 2242 970 2313 Corda,
1015 2262 1203 2312 voceS‚
1247 2254 1302 2300 et
1345 2262 1536 2318 opera.

603 2405 807 2463 Noctis
850 2407 1112 2464 recolitur
1155 2425 1338 2464 coena
1379 2409 1708 2479 novissima,

606 2487 740 2558 Qua
783 2487 1042 2546 Christus
1086 2487 1330 2546 creditur
1372 2508 1589 2564 agnum
1631 2503 1687 2549 et
1731 2510 1931 2566 azyma

604 2569 850 2627 Dedisse
894 2571 1172 2636 fratribuS,
1213 2572 1375 2647 juxta
1417 2573 1670 2648 legitima

768 2652 975 2710 Priscis
1017 2653 1235 2711 indulta
1275 2655 1547 2728 patribus

609 2814 745 2871 Post
789 2835 1005 2891 agnum
1047 2817 1319 2892 typicum,
1364 2819 1603 2893 expletis
1648 2820 1844 2894 epulis,

610 2895 836 2972 Corpus
881 2899 1256 2956 Dominicum
1302 2901 1498 2957 datum
1543 2902 1847 2975 discipulis,

529 2971 534 2976 ⁷
610 2977 703 3033 Sic
747 2988 930 3036 totum
975 2983 1260 3047 omnibus,
1306 2984 1463 3057 quod
1507 2993 1691 3040 totum
1735 2983 1988 3058 singuliS‚

768 3061 910 3135 Ejus
941 3063 1183 3121 fatemur
1224 3065 1505 3122 manibus.
