2164 3724
442 237 551 288 114

858 213 934 270 In
976 209 1413 269 Annuncz'atz'one
1453 211 1619 270 Dom.

661 447 665 452 ι
762 377 880 448 Qui
922 384 1128 433 cuncta
1169 376 1419 452 complet
1461 378 1715 447 numine,

762 460 1010 516 Nostros
1054 476 1116 515 se
1158 458 1217 514 in
1259 468 1415 516 artus
1456 459 1704 534 colligit:

767 541 846 598 Ut
889 558 999 597 nos
1039 540 1273 597 reducat
1315 541 1389 597 ad
1431 540 1642 611 Deum,

765 623 839 680 Et
882 624 1005 697 ipse
1048 623 1350 679 nobiscum
1393 622 1572 680 Deus.

771 787 997 845 Mundo
1039 786 1367 861 redemptor
1409 787 1507 862 qui
1550 787 1727 855 veni&

769 870 889 939 Fili,
934 870 1035 926 tibi
1080 871 1207 926 laus
1248 871 1502 926 maxima

771 951 924 1008 Cum
967 952 1166 1008 Patre:
1225 970 1331 1008 nec
1374 952 1475 1007 tibi
1516 951 1706 1008 minor

770 1033 940 1103 Laus,
985 1035 1283 1108 utriusque
1328 1032 1587 1108 Spiritus.

912 1367 1009 1409 AD
1055 1367 1360 1410 OFFICIUM
1408 1369 1597 1411 NOCT.

782 1577 1060 1635 Coelestis
1103 1574 1241 1631 Ales
1284 1576 1503 1632 nuntiat

782 1659 1086 1734 Implenda
1128 1675 1265 1713 mox
1311 1659 1613 1731 mysteria:

783 1742 1003 1797 Virtute
1047 1739 1332 1797 foecunda
1374 1740 1536 1796 Deus

780 1824 1023 1897 Illapsus
1067 1822 1264 1895 implet
1307 1821 1621 1895 Virginem.

791 1987 995 2057 Qualis
1041 1985 1325 2059 stupendo
1368 1985 1549 2059 gloria

788 2066 894 2137 Te,
939 2068 1138 2142 VirgO,
1187 2067 1258 2123 de
1301 2076 1469 2141 partu
1511 2070 1737 2123 manet!

789 2150 1119 2224 Conceptus
1163 2150 1221 2204 in
1263 2159 1363 2205 tuo
1409 2150 1553 2217 sinu,

792 2233 975 2289 Natus
1018 2232 1165 2300 De0‚
1210 2250 1360 2288 nunc
1405 2242 1490 2287 est
1533 2243 1678 2288 tuus,

793 2397 883 2453 De
926 2395 1180 2470 virginali
1225 2396 1519 2469 sanguine,

797 2478 989 2548 Quem
1032 2479 1185 2533 nulla
1227 2478 1386 2534 labes
1430 2477 1621 2545 inficit,

797 2561 841 2615 F
845 2562 1073 2634 ingente
1117 2570 1316 2617 sancto
1362 2559 1589 2633 Spiritu,

795 2642 1004 2700 Christi
1046 2661 1179 2699 caro
1222 2641 1620 2716 compingitur.

804 2805 988 2863 Nobis
1032 2824 1135 2879 per
1177 2806 1326 2862 hanc
1369 2805 1702 2861 mortalibus

802 2888 1084 2944 Lactescit
1127 2907 1260 2945 esca
1302 2887 1618 2943 Coelitum:

806 2969 930 3025 Nos
973 2971 1155 3043 pascit
1197 2970 1439 3025 infantes
1482 2969 1676 3035 homo,

810 3050 926 3119 Qui
967 3052 1148 3125 pascit
1192 3052 1429 3125 angelos
1472 3050 1650 3111 Deus,

2159 613 2164 627 -
2150 500 2164 543 J.-
2159 486 2161 491 -
2156 402 2164 466 —v-
2148 266 2164 389 Anu-'—
