2164 3724
692 228 772 287 In
799 228 914 287 Die
939 229 1282 288 Pentecostes.
1460 187 1464 203 ι
1677 233 1794 306 389

181 393 375 533 Atssue
418 403 766 470 potestatem
795 396 1028 453 laxandi
1057 396 1298 453 crimina
1340 384 1657 471 firaestans,

322 477 596 552 iscipulos
639 479 848 552 pariter
889 496 1066 555 posse
1107 479 1286 554 ligare
1330 478 1503 536 dedit.

181 558 365 630 Salve,
408 561 509 616 &c

182 723 270 780 Ite
312 742 511 780 meum
553 742 771 782 nomen
812 742 916 799 per
958 734 1146 782 totum
1188 726 1459 800 gentibus
1502 725 1722 794 orbem,

261 805 452 863 Dicite
495 806 860 864 credentibus
899 808 1195 865 notificare
1237 808 1449 866 Deum.

182 887 364 958 Salve,
408 889 509 945 &c

181 1051 257 1108 Et
299 1053 399 1127 qui
443 1052 760 1122 crediderit,
807 1063 862 1110 et
907 1072 1083 1128 quem
1125 1054 1487 1130 baptismatis
1527 1053 1684 1112 unda

265 1134 528 1191 Tinxerit
569 1136 627 1191 in
672 1134 885 1192 Christi
928 1137 1182 1207 nomine,
1228 1137 1416 1194 salvus
1457 1137 1580 1194 erit.

183 1216 367 1287 Salve,
411 1218 513 1275 &c

181 1380 379 1451 Quem
421 1382 648 1438 mittam
693 1383 874 1453 vobis,
919 1400 1023 1439 vos
1069 1384 1298 1458 spiritus
1343 1383 1434 1439 ille
1479 1384 1712 1442 docebit
1793 1380 1795 1383 ’

264 1463 335 1518 In
378 1464 589 1539 linguis
634 1466 798 1522 variis
845 1466 1040 1522 omnia
1083 1485 1258 1540 posse
1303 1466 1478 1540 loqui.

182 1545 367 1616 Salve,
414 1548 517 1603 &c

182 1710 324 1767 Post
367 1711 667 1768 modicum
710 1712 896 1767 veniet
941 1712 1039 1786 qui
1084 1713 1341 1786 suggerit
1383 1713 1580 1770 omnia
1614 1713 1794 1784 vobiS‚

264 1792 339 1848 Et
381 1794 602 1850 visurus
646 1811 781 1849 eum
824 1794 974 1851 vado
1018 1813 1218 1868 parare
1262 1795 1474 1852 locum.

183 1874 368 1946 Salve,
413 1876 514 1932 &c

183 2039 319 2096 Hoc
364 2059 498 2096 cum
544 2040 781 2097 dixisset
825 2042 1046 2097 cunctis
1092 2041 1457 2098 cernentibus
1500 2040 1660 2097 illurn

182 2204 221 2258 ς
262 2121 468 2261 lNubes
500 2123 752 2197 suscepit
794 2120 978 2203 [eum]
1012 2124 1153 2180 dum
1190 2143 1360 2199 super
1390 2133 1543 2181 astra
1583 2125 1794 2181 meat*.

183 2223 367 2275 κεῑνε,
466 2225 511 2262 c

530 2608 617 2664 IN
663 2608 807 2664 DIE
850 2606 1458 2665 PENTECOSTES.

187 2799 351 2856 Salve
397 2798 543 2855 festa
587 2799 726 2867 dies,
771 2807 897 2855 toto
942 2799 1279 2855 venerabilis
1323 2818 1482 2870 aevo,

269 2881 404 2951 Qua
449 2881 610 2937 Deus
657 2881 727 2937 de
776 2881 942 2938 coelo
986 2882 1168 2955 gratia
1211 2881 1365 2938 fulsit
1408 2882 1605 2939 hume.

189 2964 371 3034 Salve,
419 2965 517 3020 &c

580 3129 606 3160 *
645 3126 842 3171 Delenda
877 3141 966 3172 esse
999 3127 1168 3173 videtur
1201 3142 1287 3173 vox
1331 3143 1441 3174 eum.
