2164 3724
517 227 595 286 In
644 227 832 305 Officio
871 227 948 286 B.
979 225 1230 285 Mariae.

396 393 576 451 Beata
619 393 764 451 coeli
805 392 1024 464 nunti0‚

398 476 672 534 Fecunda
715 483 916 533 sancto
962 475 1191 551 Spiritu,

397 555 769 616 Desideratus
812 558 1081 633 gentibus

395 641 578 717 Cujus
620 660 725 716 per
766 641 957 698 alvum
1001 641 1162 699 fusus
1207 650 1308 699 est.

393 806 551 882 Jesu,
596 806 698 863 tibi
743 806 814 863 sit
855 806 1052 880 g!0ria,

397 888 516 959 Qui
558 898 726 947 natus
771 907 833 946 es
879 888 951 945 de
993 887 1252 962 Virgine,

394 970 547 1028 Cum
590 971 758 1028 Patre
802 980 858 1027 et
901 971 1056 1027 almo
1103 969 1331 1044 Spiritu,

397 1053 467 1109 In
512 1055 862 1132 sempiterna
906 1053 1149 1111 saecula.

668 1370 760 1411 AD
805 1368 1074 1411 LAUDES.

399 1528 453 1586 O
498 1527 750 1603 gloriosa
792 1525 1118 1600 Virginum,

394 1610 665 1667 Sublimis
710 1609 854 1664 inter
899 1607 1086 1665 sidera
1103 1626 1117 1676 3

397 1693 516 1764 Qui
558 1701 614 1748 te
659 1691 883 1760 creavit,
927 1689 1228 1764 parvulum

392 1775 668 1833 Lactente
712 1773 890 1830 nutris
933 1774 1124 1829 ubere.

395 1939 575 2011 Quod
619 1938 791 1995 Heva
832 1937 1004 1995 tristis
1050 1935 1295 2003 abstulit,

396 2023 492 2079 Tu
534 2022 725 2079 reddis
771 2022 925 2078 almo
968 2020 1261 2094 germine:

394 2107 613 2162 Intrent
656 2114 718 2160 ut
762 2114 912 2161 astra
955 2102 1189 2170 flebiles,

396 2188 559 2245 Coeli
603 2187 847 2244 recludis
892 2186 1172 2242 cardines.

396 2354 492 2410 Tu
535 2354 686 2427 regis
732 2352 827 2408 alti
865 2352 1058 2426 janua,
1110 2421 1113 2423 ι

394 2436 468 2493 Et
512 2436 641 2492 aula
682 2435 824 2491 lueis
869 2434 1119 2507 fulgida:

391 2519 588 2574 Vitam
634 2518 828 2574 datam
871 2535 973 2591 per
1017 2514 1335 2588 Virginem,

394 2600 614 2657 Gentes
659 2600 992 2675 redemptae
1036 2596 1304 2672 plaudite.

393 2766 551 2841 Jesu,
595 2765 696 2820 tibi
741 2765 810 2821 sit
854 2764 1050 2838 gloria,

397 2847 515 2918 Qui
559 2857 725 2904 natus
770 2866 832 2904 es
877 2847 948 2903 de
993 2845 1249 2920 Virgine,

395 2930 547 2987 Cum
593 2930 759 2986 Patre
804 2939 858 2986 et
903 2930 1056 2986 almo
1104 2927 1330 3001 Spiritu,

397 3013 465 3067 In
511 3012 857 3088 sempiterna
902 3011 1144 3070 saecula.

1328 3200 1431 3238 X2

1563 238 1676 299 307
