<?xml version="1.0" encoding="UTF-8"?>
<!DOCTYPE html PUBLIC "-//W3C//DTD XHTML 1.0 Transitional//EN"
    "http://www.w3.org/TR/xhtml1/DTD/xhtml1-transitional.dtd">
<html xmlns="http://www.w3.org/1999/xhtml" xml:lang="en" lang="en">
 <head>
  <title>
</title>
<meta http-equiv="Content-Type" content="text/html;charset=utf-8" />
  <meta name='ocr-system' content='tesseract 3.04.00' />
  <meta name='ocr-capabilities' content='ocr_page ocr_carea ocr_par ocr_line ocrx_word'/>
</head>
<body>
  <div class='ocr_page' id='page_1' title='image "./hymniecc00newmuoft_0061.png"; bbox 0 0 2164 3724; ppageno 0'>
   <div class='ocr_carea' id='block_1_1' title="bbox 1349 266 1359 292">
    <p class='ocr_par' dir='ltr' id='par_1_1' title="bbox 1349 266 1359 292">
     <span class='ocr_line' id='line_1_1' title="bbox 1349 266 1359 292; baseline 0 0"><span class='ocrx_word' id='word_1_1' title='bbox 1349 266 1359 292; x_wconf 54' lang='grc' dir='ltr'>ἦ</span> 
     </span>
    </p>
   </div>
   <div class='ocr_carea' id='block_1_2' title="bbox 546 285 1222 364">
    <p class='ocr_par' dir='ltr' id='par_1_2' title="bbox 546 285 1222 364">
     <span class='ocr_line' id='line_1_2' title="bbox 546 285 1222 364; baseline 0 -20"><span class='ocrx_word' id='word_1_2' title='bbox 546 286 622 344; x_wconf 90' lang='lat' dir='ltr'><strong>In</strong></span> <span class='ocrx_word' id='word_1_3' title='bbox 663 286 826 344; x_wconf 84' lang='lat' dir='ltr'><strong>Festo</strong></span> <span class='ocrx_word' id='word_1_4' title='bbox 868 286 932 346; x_wconf 84' lang='lat' dir='ltr'><strong>S.</strong></span> <span class='ocrx_word' id='word_1_5' title='bbox 962 285 1222 364; x_wconf 62' lang='lat' dir='ltr'><strong>soannzk.</strong></span> 
     </span>
    </p>
   </div>
   <div class='ocr_carea' id='block_1_3' title="bbox 164 451 1439 775">
    <p class='ocr_par' dir='ltr' id='par_1_3' title="bbox 164 451 1439 693">
     <span class='ocr_line' id='line_1_3' title="bbox 169 451 1352 528; baseline 0.001 -20"><span class='ocrx_word' id='word_1_6' title='bbox 169 452 277 509; x_wconf 91' lang='lat' dir='ltr'><strong>Per</strong></span> <span class='ocrx_word' id='word_1_7' title='bbox 319 462 373 509; x_wconf 91' lang='lat' dir='ltr'><strong>te</strong></span> <span class='ocrx_word' id='word_1_8' title='bbox 417 470 579 510; x_wconf 85' lang='lat' dir='ltr'><strong>sacra</strong></span> <span class='ocrx_word' id='word_1_9' title='bbox 620 460 817 528; x_wconf 90' lang='lat' dir='ltr'><strong>patent</strong></span> <span class='ocrx_word' id='word_1_10' title='bbox 860 451 1054 510; x_wconf 90' lang='lat' dir='ltr'><strong>abdita</strong></span> <span class='ocrx_word' id='word_1_11' title='bbox 1095 453 1352 510; x_wconf 91' lang='lat' dir='ltr'><strong>vatibus:</strong></span> 
     </span>
     <span class='ocr_line' id='line_1_4' title="bbox 167 533 1439 609; baseline 0 -18"><span class='ocrx_word' id='word_1_12' title='bbox 167 534 335 605; x_wconf 82' lang='lat' dir='ltr'><strong>Quae</strong></span> <span class='ocrx_word' id='word_1_13' title='bbox 379 534 476 591; x_wconf 84' lang='lat' dir='ltr'><strong>lux</strong></span> <span class='ocrx_word' id='word_1_14' title='bbox 519 536 579 591; x_wconf 92' lang='lat' dir='ltr'><strong>in</strong></span> <span class='ocrx_word' id='word_1_15' title='bbox 620 534 868 592; x_wconf 87' lang='lat' dir='ltr'><strong>tenebris</strong></span> <span class='ocrx_word' id='word_1_16' title='bbox 912 533 1142 609; x_wconf 85' lang='lat' dir='ltr'>fulgeat,</span> <span class='ocrx_word' id='word_1_17' title='bbox 1187 536 1439 594; x_wconf 85' lang='lat' dir='ltr'><strong>indicas:</strong></span> 
     </span>
     <span class='ocr_line' id='line_1_5' title="bbox 164 617 1306 693; baseline 0.003 -21"><span class='ocrx_word' id='word_1_18' title='bbox 164 618 218 672; x_wconf 89' lang='lat' dir='ltr'>A</span> <span class='ocrx_word' id='word_1_19' title='bbox 262 635 378 692; x_wconf 90' lang='lat' dir='ltr'><strong>quo</strong></span> <span class='ocrx_word' id='word_1_20' title='bbox 421 618 532 674; x_wconf 86' lang='lat' dir='ltr'><strong>vita</strong></span> <span class='ocrx_word' id='word_1_21' title='bbox 573 618 711 687; x_wconf 91' lang='lat' dir='ltr'><strong>fluit,</strong></span> <span class='ocrx_word' id='word_1_22' title='bbox 756 617 1100 692; x_wconf 88' lang='lat' dir='ltr'><strong>principium</strong></span> <span class='ocrx_word' id='word_1_23' title='bbox 1143 619 1306 693; x_wconf 88' lang='lat' dir='ltr'><strong>petis,</strong></span> 
     </span>
    </p>

    <p class='ocr_par' dir='ltr' id='par_1_4' title="bbox 327 699 1046 775">
     <span class='ocr_line' id='line_1_6' title="bbox 327 699 1046 775; baseline 0.001 -20"><span class='ocrx_word' id='word_1_24' title='bbox 327 700 401 756; x_wconf 90' lang='lat' dir='ltr'><strong>Et</strong></span> <span class='ocrx_word' id='word_1_25' title='bbox 444 700 757 775; x_wconf 86' lang='lat' dir='ltr'><strong>primordia</strong></span> <span class='ocrx_word' id='word_1_26' title='bbox 798 699 1046 756; x_wconf 81' lang='lat' dir='ltr'><strong>luminis,</strong></span> 
     </span>
    </p>
   </div>
   <div class='ocr_carea' id='block_1_4' title="bbox 166 861 1434 1021">
    <p class='ocr_par' dir='ltr' id='par_1_5' title="bbox 166 861 1434 1021">
     <span class='ocr_line' id='line_1_7' title="bbox 167 861 1302 934; baseline 0.002 -15"><span class='ocrx_word' id='word_1_27' title='bbox 167 861 317 919; x_wconf 88' lang='lat' dir='ltr'><strong>Patri</strong></span> <span class='ocrx_word' id='word_1_28' title='bbox 359 865 614 921; x_wconf 85' lang='lat' dir='ltr'><strong>maxima</strong></span> <span class='ocrx_word' id='word_1_29' title='bbox 655 864 794 934; x_wconf 90' lang='lat' dir='ltr'><strong>laus,</strong></span> <span class='ocrx_word' id='word_1_30' title='bbox 839 864 1094 921; x_wconf 84' lang='lat' dir='ltr'><strong>maxima</strong></span> <span class='ocrx_word' id='word_1_31' title='bbox 1137 864 1302 934; x_wconf 81' lang='lat' dir='ltr'><strong>Filio,</strong></span> 
     </span>
     <span class='ocr_line' id='line_1_8' title="bbox 166 946 1434 1021; baseline 0.002 -20"><span class='ocrx_word' id='word_1_32' title='bbox 166 946 604 1021; x_wconf 91' lang='lat' dir='ltr'><strong>Amborumque</strong></span> <span class='ocrx_word' id='word_1_33' title='bbox 649 964 812 1004; x_wconf 87' lang='lat' dir='ltr'><strong>sacro</strong></span> <span class='ocrx_word' id='word_1_34' title='bbox 855 947 1111 1003; x_wconf 84' lang='lat' dir='ltr'><strong>maxima</strong></span> <span class='ocrx_word' id='word_1_35' title='bbox 1154 947 1434 1003; x_wconf 85' lang='lat' dir='ltr'><strong>Flamini:</strong></span> 
     </span>
    </p>
   </div>
   <div class='ocr_carea' id='block_1_5' title="bbox 167 1027 1388 1181">
    <p class='ocr_par' dir='ltr' id='par_1_6' title="bbox 167 1027 1388 1181">
     <span class='ocr_line' id='line_1_9' title="bbox 167 1027 1388 1100; baseline 0.002 -16"><span class='ocrx_word' id='word_1_36' title='bbox 167 1027 331 1085; x_wconf 91' lang='lat' dir='ltr'><strong>Haec</strong></span> <span class='ocrx_word' id='word_1_37' title='bbox 375 1039 460 1086; x_wconf 93' lang='lat' dir='ltr'><strong>est</strong></span> <span class='ocrx_word' id='word_1_38' title='bbox 504 1038 657 1086; x_wconf 88' lang='lat' dir='ltr'><strong>certa</strong></span> <span class='ocrx_word' id='word_1_39' title='bbox 700 1029 860 1100; x_wconf 91' lang='lat' dir='ltr'><strong>fides,</strong></span> <span class='ocrx_word' id='word_1_40' title='bbox 905 1029 1157 1087; x_wconf 87' lang='lat' dir='ltr'><strong>fontibus</strong></span> <span class='ocrx_word' id='word_1_41' title='bbox 1202 1048 1234 1086; x_wconf 93' lang='lat' dir='ltr'><strong>e</strong></span> <span class='ocrx_word' id='word_1_42' title='bbox 1276 1030 1388 1087; x_wconf 90' lang='lat' dir='ltr'><strong>tuis</strong></span> 
     </span>
     <span class='ocr_line' id='line_1_10' title="bbox 327 1110 1188 1181; baseline 0.001 -13"><span class='ocrx_word' id='word_1_43' title='bbox 327 1110 522 1181; x_wconf 84' lang='lat' dir='ltr'><strong>Quam</strong></span> <span class='ocrx_word' id='word_1_44' title='bbox 566 1112 831 1169; x_wconf 89' lang='lat' dir='ltr'><strong>divinitus</strong></span> <span class='ocrx_word' id='word_1_45' title='bbox 875 1111 1188 1170; x_wconf 84' lang='lat' dir='ltr'><strong>hausimus.</strong></span> 
     </span>
    </p>
   </div>
   <div class='ocr_carea' id='block_1_6' title="bbox 648 1520 1106 1567">
    <p class='ocr_par' dir='ltr' id='par_1_7' title="bbox 648 1520 1106 1567">
     <span class='ocr_line' id='line_1_11' title="bbox 648 1520 1106 1567; baseline 0.007 -3"><span class='ocrx_word' id='word_1_46' title='bbox 648 1522 738 1564; x_wconf 93' lang='lat' dir='ltr'><strong>AD</strong></span> <span class='ocrx_word' id='word_1_47' title='bbox 784 1520 1106 1567; x_wconf 89' lang='lat' dir='ltr'><strong>VESPERAS.</strong></span> 
     </span>
    </p>
   </div>
   <div class='ocr_carea' id='block_1_7' title="bbox 170 1675 1403 1752">
    <p class='ocr_par' dir='ltr' id='par_1_8' title="bbox 170 1675 1403 1752">
     <span class='ocr_line' id='line_1_12' title="bbox 170 1675 1403 1752; baseline 0.002 -21"><span class='ocrx_word' id='word_1_48' title='bbox 170 1676 251 1732; x_wconf 87' lang='lat' dir='ltr'><strong>Sit</strong></span> <span class='ocrx_word' id='word_1_49' title='bbox 296 1675 392 1750; x_wconf 90' lang='lat' dir='ltr'><strong>qui</strong></span> <span class='ocrx_word' id='word_1_50' title='bbox 434 1676 537 1732; x_wconf 89' lang='lat' dir='ltr'><strong>rite</strong></span> <span class='ocrx_word' id='word_1_51' title='bbox 581 1686 747 1732; x_wconf 87' lang='lat' dir='ltr'><strong>canat</strong></span> <span class='ocrx_word' id='word_1_52' title='bbox 790 1686 845 1733; x_wconf 90' lang='lat' dir='ltr'><strong>te</strong></span> <span class='ocrx_word' id='word_1_53' title='bbox 888 1677 1067 1734; x_wconf 89' lang='lat' dir='ltr'><strong>modo</strong></span> <span class='ocrx_word' id='word_1_54' title='bbox 1111 1677 1403 1752; x_wconf 84' lang='lat' dir='ltr'><strong>virginem,</strong></span> 
     </span>
    </p>
   </div>
   <div class='ocr_carea' id='block_1_8' title="bbox 169 1757 1454 1834">
    <p class='ocr_par' dir='ltr' id='par_1_9' title="bbox 169 1757 1454 1834">
     <span class='ocr_line' id='line_1_13' title="bbox 169 1757 1454 1834; baseline 0.002 -21"><span class='ocrx_word' id='word_1_55' title='bbox 169 1757 257 1814; x_wconf 91' lang='lat' dir='ltr'><strong>Te</strong></span> <span class='ocrx_word' id='word_1_56' title='bbox 303 1758 522 1833; x_wconf 87' lang='lat' dir='ltr'><strong>scriptis</strong></span> <span class='ocrx_word' id='word_1_57' title='bbox 566 1758 850 1815; x_wconf 82' lang='lat' dir='ltr'><strong>celebrem</strong></span> <span class='ocrx_word' id='word_1_58' title='bbox 895 1759 1045 1816; x_wconf 88' lang='lat' dir='ltr'><strong>dicat</strong></span> <span class='ocrx_word' id='word_1_59' title='bbox 1087 1759 1454 1834; x_wconf 85' lang='lat' dir='ltr'>Apostolum,</span> 
     </span>
    </p>
   </div>
   <div class='ocr_carea' id='block_1_9' title="bbox 164 1838 1359 1999">
    <p class='ocr_par' dir='ltr' id='par_1_10' title="bbox 164 1838 1359 1999">
     <span class='ocr_line' id='line_1_14' title="bbox 164 1838 1359 1916; baseline 0.003 -21"><span class='ocrx_word' id='word_1_60' title='bbox 164 1838 377 1915; x_wconf 84' lang='lat' dir='ltr'><strong>Jungat</strong></span> <span class='ocrx_word' id='word_1_61' title='bbox 420 1841 677 1898; x_wconf 87' lang='lat' dir='ltr'><strong>veridicis</strong></span> <span class='ocrx_word' id='word_1_62' title='bbox 721 1851 776 1897; x_wconf 91' lang='lat' dir='ltr'><strong>te</strong></span> <span class='ocrx_word' id='word_1_63' title='bbox 820 1859 1052 1916; x_wconf 90' lang='lat' dir='ltr'><strong>quoque</strong></span> <span class='ocrx_word' id='word_1_64' title='bbox 1097 1841 1359 1912; x_wconf 83' lang='lat' dir='ltr'><strong>Vatibus,</strong></span> 
     </span>
     <span class='ocr_line' id='line_1_15' title="bbox 327 1922 1196 1999; baseline 0.002 -20"><span class='ocrx_word' id='word_1_65' title='bbox 327 1922 534 1980; x_wconf 85' lang='lat' dir='ltr'><strong>Christi</strong></span> <span class='ocrx_word' id='word_1_66' title='bbox 577 1933 632 1980; x_wconf 91' lang='lat' dir='ltr'><strong>te</strong></span> <span class='ocrx_word' id='word_1_67' title='bbox 676 1942 823 1980; x_wconf 85' lang='lat' dir='ltr'><strong>cano</strong></span> <span class='ocrx_word' id='word_1_68' title='bbox 868 1923 1196 1999; x_wconf 86' lang='lat' dir='ltr'><strong>Martyrem.</strong></span> 
     </span>
    </p>
   </div>
   <div class='ocr_carea' id='block_1_10' title="bbox 165 2085 1398 2408">
    <p class='ocr_par' dir='ltr' id='par_1_11' title="bbox 168 2085 1293 2158">
     <span class='ocr_line' id='line_1_16' title="bbox 168 2085 1293 2158; baseline 0.004 -17"><span class='ocrx_word' id='word_1_69' title='bbox 168 2085 289 2142; x_wconf 89' lang='lat' dir='ltr'><strong>Diri</strong></span> <span class='ocrx_word' id='word_1_70' title='bbox 333 2087 490 2143; x_wconf 88' lang='lat' dir='ltr'><strong>testis</strong></span> <span class='ocrx_word' id='word_1_71' title='bbox 534 2106 658 2144; x_wconf 91' lang='lat' dir='ltr'><strong>eras</strong></span> <span class='ocrx_word' id='word_1_72' title='bbox 703 2087 932 2158; x_wconf 80' lang='lat' dir='ltr'><strong>funeriS‚</strong></span> <span class='ocrx_word' id='word_1_73' title='bbox 978 2098 1034 2146; x_wconf 88' lang='lat' dir='ltr'><strong>et</strong></span> <span class='ocrx_word' id='word_1_74' title='bbox 1078 2107 1293 2158; x_wconf 81' lang='lat' dir='ltr'><strong>eomeS‚</strong></span> 
     </span>
    </p>

    <p class='ocr_par' dir='ltr' id='par_1_12' title="bbox 165 2167 1398 2240">
     <span class='ocr_line' id='line_1_17' title="bbox 165 2167 1398 2240; baseline 0.003 -16"><span class='ocrx_word' id='word_1_75' title='bbox 165 2167 330 2226; x_wconf 91' lang='lat' dir='ltr'><strong>Votis</strong></span> <span class='ocrx_word' id='word_1_76' title='bbox 375 2187 508 2225; x_wconf 90' lang='lat' dir='ltr'><strong>cum</strong></span> <span class='ocrx_word' id='word_1_77' title='bbox 552 2169 808 2227; x_wconf 90' lang='lat' dir='ltr'><strong>Domino</strong></span> <span class='ocrx_word' id='word_1_78' title='bbox 853 2171 1000 2228; x_wconf 86' lang='lat' dir='ltr'><strong>fixus</strong></span> <span class='ocrx_word' id='word_1_79' title='bbox 1045 2190 1169 2228; x_wconf 90' lang='lat' dir='ltr'><strong>eras</strong></span> <span class='ocrx_word' id='word_1_80' title='bbox 1214 2172 1366 2228; x_wconf 84' lang='lat' dir='ltr'><strong>cruci</strong></span> <span class='ocrx_word' id='word_1_81' title='bbox 1386 2191 1398 2240; x_wconf 88' lang='lat'>;</span> 
     </span>
    </p>

    <p class='ocr_par' dir='ltr' id='par_1_13' title="bbox 166 2250 1341 2408">
     <span class='ocr_line' id='line_1_18' title="bbox 166 2250 1341 2311; baseline 0.003 -5"><span class='ocrx_word' id='word_1_82' title='bbox 166 2250 299 2308; x_wconf 86' lang='lat' dir='ltr'><strong>Hoc</strong></span> <span class='ocrx_word' id='word_1_83' title='bbox 344 2261 565 2308; x_wconf 91' lang='lat' dir='ltr'><strong>tantum</strong></span> <span class='ocrx_word' id='word_1_84' title='bbox 608 2253 762 2310; x_wconf 88' lang='lat' dir='ltr'><strong>licuit</strong></span> <span class='ocrx_word' id='word_1_85' title='bbox 805 2263 940 2310; x_wconf 89' lang='lat' dir='ltr'><strong>tune</strong></span> <span class='ocrx_word' id='word_1_86' title='bbox 983 2255 1086 2310; x_wconf 88' lang='lat' dir='ltr'><strong>tibi</strong></span> <span class='ocrx_word' id='word_1_87' title='bbox 1128 2255 1341 2311; x_wconf 91' lang='lat' dir='ltr'><strong>mutuis</strong></span> 
     </span>
     <span class='ocr_line' id='line_1_19' title="bbox 327 2333 1059 2408; baseline 0.004 -18"><span class='ocrx_word' id='word_1_88' title='bbox 327 2333 705 2408; x_wconf 90' lang='lat' dir='ltr'><strong>Respondere</strong></span> <span class='ocrx_word' id='word_1_89' title='bbox 749 2336 1059 2393; x_wconf 82' lang='lat' dir='ltr'><strong>doloribus,</strong></span> 
     </span>
    </p>
   </div>
   <div class='ocr_carea' id='block_1_11' title="bbox 164 2495 1407 2822">
    <p class='ocr_par' dir='ltr' id='par_1_14' title="bbox 164 2495 1394 2571">
     <span class='ocr_line' id='line_1_20' title="bbox 164 2495 1394 2571; baseline 0.005 -19"><span class='ocrx_word' id='word_1_90' title='bbox 164 2495 429 2554; x_wconf 86' lang='lat' dir='ltr'><strong>Pendens</strong></span> <span class='ocrx_word' id='word_1_91' title='bbox 473 2497 706 2555; x_wconf 85' lang='lat' dir='ltr'><strong>funerea</strong></span> <span class='ocrx_word' id='word_1_92' title='bbox 750 2499 1010 2557; x_wconf 91' lang='lat' dir='ltr'><strong>Christus</strong></span> <span class='ocrx_word' id='word_1_93' title='bbox 1058 2501 1130 2556; x_wconf 91' lang='lat' dir='ltr'><strong>ab</strong></span> <span class='ocrx_word' id='word_1_94' title='bbox 1177 2502 1394 2571; x_wconf 88' lang='lat' dir='ltr'><strong>arbore,</strong></span> 
     </span>
    </p>

    <p class='ocr_par' dir='ltr' id='par_1_15' title="bbox 166 2578 1258 2658">
     <span class='ocr_line' id='line_1_21' title="bbox 166 2578 1258 2658; baseline 0.005 -24"><span class='ocrx_word' id='word_1_95' title='bbox 166 2578 254 2635; x_wconf 92' lang='lat' dir='ltr'><strong>Te</strong></span> <span class='ocrx_word' id='word_1_96' title='bbox 298 2581 463 2636; x_wconf 88' lang='lat' dir='ltr'><strong>matri</strong></span> <span class='ocrx_word' id='word_1_97' title='bbox 507 2581 751 2638; x_wconf 84' lang='lat' dir='ltr'><strong>miserae</strong></span> <span class='ocrx_word' id='word_1_98' title='bbox 790 2583 911 2658; x_wconf 89' lang='lat' dir='ltr'><strong>jam</strong></span> <span class='ocrx_word' id='word_1_99' title='bbox 958 2583 1079 2639; x_wconf 89' lang='lat' dir='ltr'><strong>sine</strong></span> <span class='ocrx_word' id='word_1_100' title='bbox 1125 2583 1258 2651; x_wconf 84' lang='lat' dir='ltr'>filio,</span> 
     </span>
    </p>

    <p class='ocr_par' dir='ltr' id='par_1_16' title="bbox 164 2660 1407 2822">
     <span class='ocr_line' id='line_1_22' title="bbox 164 2660 1407 2740; baseline 0.006 -23"><span class='ocrx_word' id='word_1_101' title='bbox 164 2660 380 2718; x_wconf 86' lang='lat' dir='ltr'><strong>Natum</strong></span> <span class='ocrx_word' id='word_1_102' title='bbox 426 2664 726 2720; x_wconf 87' lang='lat' dir='ltr'><strong>substituit.</strong></span> <span class='ocrx_word' id='word_1_103' title='bbox 814 2665 1063 2721; x_wconf 89' lang='lat' dir='ltr'><strong>Credere</strong></span> <span class='ocrx_word' id='word_1_104' title='bbox 1107 2665 1407 2740; x_wconf 85' lang='lat' dir='ltr'><strong>Virginem</strong></span> 
     </span>
     <span class='ocr_line' id='line_1_23' title="bbox 327 2744 1221 2822; baseline 0.002 -21"><span class='ocrx_word' id='word_1_105' title='bbox 327 2744 520 2814; x_wconf 86' lang='lat' dir='ltr'><strong>Quam</strong></span> <span class='ocrx_word' id='word_1_106' title='bbox 564 2764 667 2819; x_wconf 89' lang='lat' dir='ltr'><strong>par</strong></span> <span class='ocrx_word' id='word_1_107' title='bbox 711 2756 795 2803; x_wconf 90' lang='lat' dir='ltr'><strong>est</strong></span> <span class='ocrx_word' id='word_1_108' title='bbox 839 2748 939 2803; x_wconf 91' lang='lat' dir='ltr'><strong>tibi</strong></span> <span class='ocrx_word' id='word_1_109' title='bbox 983 2747 1221 2822; x_wconf 82' lang='lat' dir='ltr'><strong>virgini!</strong></span> 
     </span>
    </p>
   </div>
   <div class='ocr_carea' id='block_1_12' title="bbox 163 2906 1235 3232">
    <p class='ocr_par' dir='ltr' id='par_1_17' title="bbox 164 2906 1169 2985">
     <span class='ocr_line' id='line_1_24' title="bbox 164 2906 1169 2985; baseline 0.005 -23"><span class='ocrx_word' id='word_1_110' title='bbox 164 2906 291 2963; x_wconf 88' lang='lat' dir='ltr'><strong>Tali</strong></span> <span class='ocrx_word' id='word_1_111' title='bbox 338 2907 601 2982; x_wconf 90' lang='lat' dir='ltr'><strong>deposito</strong></span> <span class='ocrx_word' id='word_1_112' title='bbox 647 2911 785 2984; x_wconf 90' lang='lat' dir='ltr'><strong>quid</strong></span> <span class='ocrx_word' id='word_1_113' title='bbox 828 2911 1169 2985; x_wconf 91' lang='lat' dir='ltr'><strong>pretiosius?</strong></span> 
     </span>
    </p>

    <p class='ocr_par' dir='ltr' id='par_1_18' title="bbox 164 2989 1235 3068">
     <span class='ocr_line' id='line_1_25' title="bbox 164 2989 1235 3068; baseline 0.005 -23"><span class='ocrx_word' id='word_1_114' title='bbox 164 2989 349 3047; x_wconf 83' lang='lat' dir='ltr'><strong>Mater</strong></span> <span class='ocrx_word' id='word_1_115' title='bbox 391 3009 522 3046; x_wconf 89' lang='lat' dir='ltr'><strong>vera</strong></span> <span class='ocrx_word' id='word_1_116' title='bbox 564 2991 674 3048; x_wconf 93' lang='lat' dir='ltr'><strong>Dei</strong></span> <span class='ocrx_word' id='word_1_117' title='bbox 713 2993 834 3068; x_wconf 90' lang='lat' dir='ltr'><strong>jam</strong></span> <span class='ocrx_word' id='word_1_118' title='bbox 878 3003 976 3049; x_wconf 91' lang='lat' dir='ltr'><strong>tua</strong></span> <span class='ocrx_word' id='word_1_119' title='bbox 1018 2993 1235 3063; x_wconf 88' lang='lat' dir='ltr'><strong>dicitur,</strong></span> 
     </span>
    </p>

    <p class='ocr_par' dir='ltr' id='par_1_19' title="bbox 163 3070 1195 3232">
     <span class='ocr_line' id='line_1_26' title="bbox 163 3070 1195 3148; baseline 0.006 -22"><span class='ocrx_word' id='word_1_120' title='bbox 163 3070 346 3129; x_wconf 91' lang='lat' dir='ltr'><strong>Natus</strong></span> <span class='ocrx_word' id='word_1_121' title='bbox 387 3073 511 3147; x_wconf 85' lang='lat' dir='ltr'><strong>jure</strong></span> <span class='ocrx_word' id='word_1_122' title='bbox 555 3075 675 3148; x_wconf 90' lang='lat' dir='ltr'><strong>pari</strong></span> <span class='ocrx_word' id='word_1_123' title='bbox 720 3075 940 3145; x_wconf 81' lang='lat' dir='ltr'><strong>dicere3</strong></span> <span class='ocrx_word' id='word_1_124' title='bbox 986 3077 1195 3133; x_wconf 88' lang='lat' dir='ltr'><strong>mortui</strong></span> 
     </span>
     <span class='ocr_line' id='line_1_27' title="bbox 323 3154 1056 3232; baseline 0.004 -20"><span class='ocrx_word' id='word_1_125' title='bbox 323 3154 613 3229; x_wconf 88' lang='lat' dir='ltr'><strong>Jacturam</strong></span> <span class='ocrx_word' id='word_1_126' title='bbox 656 3176 885 3232; x_wconf 90' lang='lat' dir='ltr'><strong>reparas</strong></span> <span class='ocrx_word' id='word_1_127' title='bbox 929 3157 1056 3215; x_wconf 85' lang='lat' dir='ltr'><strong>Dei.</strong></span> 
     </span>
    </p>
   </div>
   <div class='ocr_carea' id='block_1_13' title="bbox 1614 309 1683 360">
    <p class='ocr_par' dir='ltr' id='par_1_20' title="bbox 1614 309 1683 360">
     <span class='ocr_line' id='line_1_28' title="bbox 1614 309 1683 360; baseline 0 -15"><span class='ocrx_word' id='word_1_128' title='bbox 1614 309 1683 360; x_wconf 86' lang='lat'><strong>41</strong></span> 
     </span>
    </p>
   </div>
  </div>
 </body>
</html>
