2164 3724
429 227 502 276 44

480 943 565 1000 IN
613 943 873 1003 FESTO
915 944 1594 1005 CIRCUMCISIONIS
1641 946 1965 1006 DOMINI.

830 206 907 265 In
948 206 1110 263 Festo
1157 205 1210 266 C
1208 209 1616 267 z'rcumczlrz’omlr.

752 370 869 441 Qui
912 379 1079 428 natus
1123 390 1185 429 es
1229 372 1302 429 de
1345 372 1598 449 Virgine,

749 451 904 528 JeSU,
948 453 1050 509 tibi
1093 454 1163 511 sit
1204 455 1385 529 gloria

752 533 903 591 Cum
947 534 1129 606 Patre,
1175 554 1422 611 cumque
1469 537 1694 613 Spiritu,

750 615 820 672 In
864 618 1209 692 sempiterna
1253 620 1458 676 secula.

839 1077 930 1118 AD
974 1076 1207 1120 PRIMAS
1255 1078 1578 1122 VESPERAS.

583 1182 802 1239 Debilis
845 1192 1070 1240 cessent
1113 1183 1397 1242 elementa
1438 1185 1618 1260 legis:

587 1264 683 1320 Sat
728 1264 826 1321 diu
867 1274 1090 1322 mentes
1132 1266 1303 1322 timor
1345 1268 1679 1341 occupavit:

584 1346 812 1403 Foedus
855 1348 1068 1404 aeterni
1112 1348 1356 1406 stabilire
1399 1348 1567 1425 Jesus

746 1428 954 1503 Coepit
997 1430 1225 1487 amoris.

586 1591 717 1648 Sole
764 1593 834 1648 de
878 1611 1011 1649 vero
1053 1593 1262 1661 radius,
1308 1594 1525 1666 paterni

582 1672 842 1731 Luminis
885 1693 1059 1748 purus
1104 1675 1224 1732 sine
1269 1673 1421 1730 nube
1467 1675 1751 1749 splendor,

583 1754 798 1812 Probra
839 1757 1242 1831 peceati-puer
1285 1774 1418 1812 eece
1462 1758 1668 1814 tinctus

746 1838 1035 1912 Sanguine
1078 1838 1337 1913 praefert.

583 2000 759 2056 Stillat
802 2002 1025 2058 excisos
1068 2002 1228 2076 pueri
1269 2018 1371 2074 per
1413 2011 1564 2057 artus

581 2082 798 2138 Efficax
842 2101 1024 2140 noxas
1068 2084 1295 2140 abolere
1340 2084 1602 2157 sanguis:

581 2164 813 2238 Obligat
855 2166 1025 2222 morti
1067 2166 1317 2240 pretiosa
1359 2173 1542 2221 toturn

741 2246 898 2303 Stilla
941 2265 1216 2305 cruorem.

582 2408 747 2465 Haec
793 2410 914 2467 dies
957 2429 1172 2468 nomen
1215 2413 1316 2469 tibi
1359 2415 1723 2488 comparavit,

582 2490 635 2546 O
681 2491 842 2561 Puer,
888 2511 1103 2567 pronus
1148 2496 1305 2568 quod
1349 2496 1546 2552 adoret
1589 2497 1779 2565 orbis;

580 2571 651 2626 Et
697 2574 863 2629 simul
908 2575 1034 2644 dici,
1081 2577 1248 2633 simul
1291 2579 1413 2653 ipse
1457 2577 1623 2654 Jesus

743 2655 954 2731 Incipis
999 2676 1142 2715 esseo

583 2815 821 2873 Summa
863 2819 984 2877 laus
1030 2820 1179 2877 Patri
1201 2841 1214 2892 ;
1262 2822 1429 2878 simul
1471 2839 1654 2896 aequa
1698 2821 1866 2889 Nato,

583 2895 698 2965 Qui
745 2917 849 2956 suo
892 2903 1174 2959 mundum
1217 2904 1442 2960 redimit
1484 2922 1714 2961 cruore:

580 2977 687 3034 Par
731 2981 800 3035 sit
843 2984 1145 3040 amborum
1187 2986 1289 3042 tibi
1331 2986 1453 3043 laus
1496 3005 1596 3060 per
1639 3002 1827 3054 omne,

743 3061 996 3135 Spiritus,
1043 3084 1262 3123 aevum.
