<?xml version="1.0" encoding="UTF-8"?>
<!DOCTYPE html PUBLIC "-//W3C//DTD XHTML 1.0 Transitional//EN"
    "http://www.w3.org/TR/xhtml1/DTD/xhtml1-transitional.dtd">
<html xmlns="http://www.w3.org/1999/xhtml" xml:lang="en" lang="en">
 <head>
  <title>
</title>
<meta http-equiv="Content-Type" content="text/html;charset=utf-8" />
  <meta name='ocr-system' content='tesseract 3.04.00' />
  <meta name='ocr-capabilities' content='ocr_page ocr_carea ocr_par ocr_line ocrx_word'/>
</head>
<body>
  <div class='ocr_page' id='page_1' title='image "./hymniecc00newmuoft_0116.png"; bbox 0 0 2164 3724; ppageno 0'>
   <div class='ocr_carea' id='block_1_1' title="bbox 931 210 1543 269">
    <p class='ocr_par' dir='ltr' id='par_1_1' title="bbox 931 210 1543 269">
     <span class='ocr_line' id='line_1_1' title="bbox 931 210 1543 269; baseline 0.002 -1"><span class='ocrx_word' id='word_1_1' title='bbox 931 210 1008 268; x_wconf 91' lang='lat' dir='ltr'>In</span> <span class='ocrx_word' id='word_1_2' title='bbox 1049 210 1161 268; x_wconf 83' lang='lat' dir='ltr'>Dz&#39;e</span> <span class='ocrx_word' id='word_1_3' title='bbox 1201 210 1543 269; x_wconf 79' lang='lat' dir='ltr'>Pentecostes.</span> 
     </span>
    </p>
   </div>
   <div class='ocr_carea' id='block_1_2' title="bbox 595 375 1763 683">
    <p class='ocr_par' dir='ltr' id='par_1_2' title="bbox 595 375 1763 600">
     <span class='ocr_line' id='line_1_2' title="bbox 596 375 1763 452; baseline -0.004 -14"><span class='ocrx_word' id='word_1_4' title='bbox 596 380 962 452; x_wconf 89' lang='lat' dir='ltr'>Compuncta</span> <span class='ocrx_word' id='word_1_5' title='bbox 1003 376 1221 449; x_wconf 90' lang='lat' dir='ltr'>passim</span> <span class='ocrx_word' id='word_1_6' title='bbox 1263 385 1496 450; x_wconf 85' lang='lat' dir='ltr'>pectora</span> <span class='ocrx_word' id='word_1_7' title='bbox 1538 375 1763 433; x_wconf 90' lang='lat' dir='ltr'>fletibus</span> 
     </span>
     <span class='ocr_line' id='line_1_3' title="bbox 598 458 1614 532; baseline -0.004 -14"><span class='ocrx_word' id='word_1_8' title='bbox 598 462 864 518; x_wconf 88' lang='lat' dir='ltr'>Moerent</span> <span class='ocrx_word' id='word_1_9' title='bbox 907 459 1131 528; x_wconf 88' lang='lat' dir='ltr'>amaris,</span> <span class='ocrx_word' id='word_1_10' title='bbox 1175 467 1346 532; x_wconf 90' lang='lat' dir='ltr'>atque</span> <span class='ocrx_word' id='word_1_11' title='bbox 1389 458 1614 532; x_wconf 91' lang='lat' dir='ltr'>piaculo</span> 
     </span>
     <span class='ocr_line' id='line_1_4' title="bbox 595 540 1360 600; baseline -0.007 0"><span class='ocrx_word' id='word_1_12' title='bbox 595 543 814 600; x_wconf 86' lang='lat' dir='ltr'>Ardent</span> <span class='ocrx_word' id='word_1_13' title='bbox 858 541 1113 598; x_wconf 87' lang='lat' dir='ltr'>salutaris</span> <span class='ocrx_word' id='word_1_14' title='bbox 1156 540 1360 596; x_wconf 90' lang='lat' dir='ltr'>lavacri</span> 
     </span>
    </p>

    <p class='ocr_par' dir='ltr' id='par_1_3' title="bbox 595 622 1418 683">
     <span class='ocr_line' id='line_1_5' title="bbox 595 622 1418 683; baseline -0.005 -2"><span class='ocrx_word' id='word_1_15' title='bbox 595 624 929 683; x_wconf 90' lang='lat' dir='ltr'>Praeteritas</span> <span class='ocrx_word' id='word_1_16' title='bbox 972 622 1202 679; x_wconf 88' lang='lat' dir='ltr'>abolere</span> <span class='ocrx_word' id='word_1_17' title='bbox 1244 622 1418 678; x_wconf 89' lang='lat' dir='ltr'>labes.</span> 
     </span>
    </p>
   </div>
   <div class='ocr_carea' id='block_1_3' title="bbox 595 785 1682 1107">
    <p class='ocr_par' dir='ltr' id='par_1_4' title="bbox 595 785 1682 1107">
     <span class='ocr_line' id='line_1_6' title="bbox 595 785 1682 845; baseline -0.005 0"><span class='ocrx_word' id='word_1_18' title='bbox 595 791 672 845; x_wconf 89' lang='lat' dir='ltr'>At</span> <span class='ocrx_word' id='word_1_19' title='bbox 716 806 835 844; x_wconf 91' lang='lat' dir='ltr'>non</span> <span class='ocrx_word' id='word_1_20' title='bbox 879 785 1165 845; x_wconf 85' lang='lat' dir='ltr'>Hebraeis</span> <span class='ocrx_word' id='word_1_21' title='bbox 1209 785 1479 841; x_wconf 90' lang='lat' dir='ltr'>limitibus</span> <span class='ocrx_word' id='word_1_22' title='bbox 1525 802 1682 841; x_wconf 91' lang='lat' dir='ltr'>sacer</span> 
     </span>
     <span class='ocr_line' id='line_1_7' title="bbox 600 867 1668 927; baseline -0.004 0"><span class='ocrx_word' id='word_1_23' title='bbox 600 870 878 927; x_wconf 84' lang='lat' dir='ltr'>Haerebit</span> <span class='ocrx_word' id='word_1_24' title='bbox 921 868 1105 924; x_wconf 89' lang='lat' dir='ltr'>ardor.</span> <span class='ocrx_word' id='word_1_25' title='bbox 1193 867 1292 923; x_wconf 92' lang='lat' dir='ltr'>Sol</span> <span class='ocrx_word' id='word_1_26' title='bbox 1334 867 1668 923; x_wconf 84' lang='lat' dir='ltr'>habitabiles</span> 
     </span>
     <span class='ocr_line' id='line_1_8' title="bbox 600 948 1655 1023; baseline -0.005 -14"><span class='ocrx_word' id='word_1_27' title='bbox 600 953 733 1023; x_wconf 87' lang='lat' dir='ltr'>Qua</span> <span class='ocrx_word' id='word_1_28' title='bbox 776 952 972 1008; x_wconf 89' lang='lat' dir='ltr'>lustrat</span> <span class='ocrx_word' id='word_1_29' title='bbox 1015 968 1160 1018; x_wconf 89' lang='lat' dir='ltr'>oras,</span> <span class='ocrx_word' id='word_1_30' title='bbox 1206 949 1312 1006; x_wconf 88' lang='lat' dir='ltr'>hac</span> <span class='ocrx_word' id='word_1_31' title='bbox 1355 948 1655 1023; x_wconf 86' lang='lat' dir='ltr'>triumphis</span> 
     </span>
     <span class='ocr_line' id='line_1_9' title="bbox 597 1032 1554 1107; baseline -0.004 -16"><span class='ocrx_word' id='word_1_32' title='bbox 597 1035 867 1092; x_wconf 90' lang='lat' dir='ltr'>Materies</span> <span class='ocrx_word' id='word_1_33' title='bbox 910 1041 1066 1107; x_wconf 89' lang='lat' dir='ltr'>patet</span> <span class='ocrx_word' id='word_1_34' title='bbox 1108 1032 1300 1106; x_wconf 91' lang='lat' dir='ltr'>ampla</span> <span class='ocrx_word' id='word_1_35' title='bbox 1341 1032 1554 1088; x_wconf 75' lang='lat' dir='ltr'>vestris</span> 
     </span>
    </p>
   </div>
   <div class='ocr_carea' id='block_1_4' title="bbox 597 1194 1830 1503">
    <p class='ocr_par' dir='ltr' id='par_1_5' title="bbox 597 1194 1830 1503">
     <span class='ocr_line' id='line_1_10' title="bbox 597 1194 1830 1275; baseline -0.006 -20"><span class='ocrx_word' id='word_1_36' title='bbox 597 1199 728 1275; x_wconf 91' lang='lat' dir='ltr'>Jam</span> <span class='ocrx_word' id='word_1_37' title='bbox 772 1197 924 1253; x_wconf 87' lang='lat' dir='ltr'>mille</span> <span class='ocrx_word' id='word_1_38' title='bbox 969 1195 1163 1252; x_wconf 91' lang='lat' dir='ltr'>divum</span> <span class='ocrx_word' id='word_1_39' title='bbox 1205 1195 1421 1269; x_wconf 88' lang='lat' dir='ltr'>templa</span> <span class='ocrx_word' id='word_1_40' title='bbox 1464 1194 1589 1252; x_wconf 93' lang='lat' dir='ltr'>solo</span> <span class='ocrx_word' id='word_1_41' title='bbox 1632 1203 1830 1249; x_wconf 89' lang='lat' dir='ltr'>ruunt:</span> 
     </span>
     <span class='ocr_line' id='line_1_11' title="bbox 598 1277 1591 1353; baseline -0.007 -14"><span class='ocrx_word' id='word_1_42' title='bbox 598 1281 768 1339; x_wconf 87' lang='lat' dir='ltr'>Cedit</span> <span class='ocrx_word' id='word_1_43' title='bbox 812 1279 1091 1353; x_wconf 88' lang='lat' dir='ltr'>superbae</span> <span class='ocrx_word' id='word_1_44' title='bbox 1134 1277 1216 1333; x_wconf 91' lang='lat' dir='ltr'>vis</span> <span class='ocrx_word' id='word_1_45' title='bbox 1263 1277 1591 1350; x_wconf 89' lang='lat' dir='ltr'>sapientiae,</span> 
     </span>
     <span class='ocr_line' id='line_1_12' title="bbox 601 1359 1498 1434; baseline -0.008 -13"><span class='ocrx_word' id='word_1_46' title='bbox 601 1363 830 1421; x_wconf 88' lang='lat' dir='ltr'>Cedunt</span> <span class='ocrx_word' id='word_1_47' title='bbox 873 1359 1112 1434; x_wconf 88' lang='lat' dir='ltr'>tyranni,</span> <span class='ocrx_word' id='word_1_48' title='bbox 1158 1359 1304 1415; x_wconf 86' lang='lat' dir='ltr'>victa</span> <span class='ocrx_word' id='word_1_49' title='bbox 1348 1359 1498 1416; x_wconf 86' lang='lat' dir='ltr'>cedit</span> 
     </span>
     <span class='ocr_line' id='line_1_13' title="bbox 599 1441 1519 1503; baseline -0.008 0"><span class='ocrx_word' id='word_1_50' title='bbox 599 1445 946 1503; x_wconf 87' lang='lat' dir='ltr'>Carnificum</span> <span class='ocrx_word' id='word_1_51' title='bbox 984 1441 1174 1498; x_wconf 88' lang='lat' dir='ltr'>rabies</span> <span class='ocrx_word' id='word_1_52' title='bbox 1218 1441 1519 1498; x_wconf 89' lang='lat' dir='ltr'>furentum.</span> 
     </span>
    </p>
   </div>
   <div class='ocr_carea' id='block_1_5' title="bbox 601 1604 1880 1926">
    <p class='ocr_par' dir='ltr' id='par_1_6' title="bbox 601 1604 1880 1838">
     <span class='ocr_line' id='line_1_14' title="bbox 603 1604 1633 1683; baseline -0.007 -18"><span class='ocrx_word' id='word_1_53' title='bbox 603 1610 834 1666; x_wconf 88' lang='lat' dir='ltr'>Novum</span> <span class='ocrx_word' id='word_1_54' title='bbox 878 1609 1126 1683; x_wconf 87' lang='lat' dir='ltr'>potentis</span> <span class='ocrx_word' id='word_1_55' title='bbox 1169 1606 1348 1680; x_wconf 86' lang='lat' dir='ltr'>gratia</span> <span class='ocrx_word' id='word_1_56' title='bbox 1394 1604 1633 1679; x_wconf 87' lang='lat' dir='ltr'>Spiritus</span> 
     </span>
     <span class='ocr_line' id='line_1_15' title="bbox 601 1692 1880 1762; baseline -0.008 -14"><span class='ocrx_word' id='word_1_57' title='bbox 601 1692 825 1749; x_wconf 87' lang='lat' dir='ltr'>Creavit</span> <span class='ocrx_word' id='word_1_58' title='bbox 869 1692 1101 1747; x_wconf 88' lang='lat' dir='ltr'>orbem:</span> <span class='ocrx_word' id='word_1_59' title='bbox 1160 1707 1267 1744; x_wconf 89' lang='lat' dir='ltr'>nos</span> <span class='ocrx_word' id='word_1_60' title='bbox 1311 1705 1558 1762; x_wconf 89' lang='lat' dir='ltr'>quoque,</span> <span class='ocrx_word' id='word_1_61' title='bbox 1604 1702 1710 1740; x_wconf 92' lang='lat' dir='ltr'>nos</span> <span class='ocrx_word' id='word_1_62' title='bbox 1753 1694 1880 1739; x_wconf 87' lang='lat' dir='ltr'>tuae</span> 
     </span>
     <span class='ocr_line' id='line_1_16' title="bbox 604 1771 1439 1838; baseline -0.007 -8"><span class='ocrx_word' id='word_1_63' title='bbox 604 1774 925 1831; x_wconf 87' lang='lat' dir='ltr'>Succendat</span> <span class='ocrx_word' id='word_1_64' title='bbox 970 1773 1138 1829; x_wconf 90' lang='lat' dir='ltr'>ardor</span> <span class='ocrx_word' id='word_1_65' title='bbox 1181 1771 1439 1838; x_wconf 87' lang='lat' dir='ltr'>caritatis,</span> 
     </span>
    </p>

    <p class='ocr_par' dir='ltr' id='par_1_7' title="bbox 604 1856 1597 1926">
     <span class='ocr_line' id='line_1_17' title="bbox 604 1856 1597 1926; baseline -0.008 -14"><span class='ocrx_word' id='word_1_66' title='bbox 604 1857 772 1912; x_wconf 88' lang='lat' dir='ltr'>Alme</span> <span class='ocrx_word' id='word_1_67' title='bbox 817 1856 994 1924; x_wconf 91' lang='lat' dir='ltr'>Deus,</span> <span class='ocrx_word' id='word_1_68' title='bbox 1039 1862 1387 1926; x_wconf 87' lang='lat' dir='ltr'>renovetque</span> <span class='ocrx_word' id='word_1_69' title='bbox 1431 1859 1597 1907; x_wconf 72' lang='lat' dir='ltr'>totos</span> 
     </span>
    </p>
   </div>
   <div class='ocr_carea' id='block_1_6' title="bbox 602 2011 1872 2339">
    <p class='ocr_par' dir='ltr' id='par_1_8' title="bbox 602 2011 1872 2339">
     <span class='ocr_line' id='line_1_18' title="bbox 605 2011 1837 2087; baseline -0.008 -12"><span class='ocrx_word' id='word_1_70' title='bbox 605 2020 755 2075; x_wconf 90' lang='lat' dir='ltr'>Laus</span> <span class='ocrx_word' id='word_1_71' title='bbox 801 2036 1026 2075; x_wconf 91' lang='lat' dir='ltr'>summa</span> <span class='ocrx_word' id='word_1_72' title='bbox 1070 2016 1233 2085; x_wconf 91' lang='lat' dir='ltr'>Patri,</span> <span class='ocrx_word' id='word_1_73' title='bbox 1281 2030 1619 2087; x_wconf 90' lang='lat' dir='ltr'>summaque</span> <span class='ocrx_word' id='word_1_74' title='bbox 1665 2011 1806 2066; x_wconf 89' lang='lat' dir='ltr'>Filio</span> <span class='ocrx_word' id='word_1_75' title='bbox 1827 2030 1837 2078; x_wconf 87' lang='lat'>;</span> 
     </span>
     <span class='ocr_line' id='line_1_19' title="bbox 606 2093 1872 2172; baseline -0.008 -15"><span class='ocrx_word' id='word_1_76' title='bbox 606 2101 703 2169; x_wconf 91' lang='lat' dir='ltr'>Sit,</span> <span class='ocrx_word' id='word_1_77' title='bbox 750 2110 959 2169; x_wconf 88' lang='lat' dir='ltr'>sancte,</span> <span class='ocrx_word' id='word_1_78' title='bbox 1007 2117 1242 2172; x_wconf 88' lang='lat' dir='ltr'>compar</span> <span class='ocrx_word' id='word_1_79' title='bbox 1284 2097 1406 2152; x_wconf 92' lang='lat' dir='ltr'>laus</span> <span class='ocrx_word' id='word_1_80' title='bbox 1451 2096 1569 2163; x_wconf 91' lang='lat' dir='ltr'>tibi,</span> <span class='ocrx_word' id='word_1_81' title='bbox 1618 2093 1872 2168; x_wconf 60' lang='lat' dir='ltr'>Spiritus</span> 
     </span>
     <span class='ocr_line' id='line_1_20' title="bbox 602 2183 1595 2253; baseline -0.007 -14"><span class='ocrx_word' id='word_1_82' title='bbox 602 2183 737 2253; x_wconf 81' lang='lat' dir='ltr'>Quo</span> <span class='ocrx_word' id='word_1_83' title='bbox 783 2183 895 2239; x_wconf 92' lang='lat' dir='ltr'>dua</span> <span class='ocrx_word' id='word_1_84' title='bbox 937 2183 1257 2248; x_wconf 85' lang='lat' dir='ltr'>mitescunt,</span> <span class='ocrx_word' id='word_1_85' title='bbox 1302 2195 1595 2251; x_wconf 84' lang='lat' dir='ltr'>novasque</span> 
     </span>
     <span class='ocr_line' id='line_1_21' title="bbox 604 2260 1624 2339; baseline -0.008 -17"><span class='ocrx_word' id='word_1_86' title='bbox 604 2265 950 2339; x_wconf 82' lang='lat' dir='ltr'>Concipiunt</span> <span class='ocrx_word' id='word_1_87' title='bbox 992 2264 1087 2338; x_wconf 88' lang='lat' dir='ltr'>pia</span> <span class='ocrx_word' id='word_1_88' title='bbox 1130 2262 1303 2320; x_wconf 91' lang='lat' dir='ltr'>corda</span> <span class='ocrx_word' id='word_1_89' title='bbox 1346 2260 1624 2317; x_wconf 74' lang='lat' dir='ltr'>flammas</span> 
     </span>
    </p>
   </div>
   <div class='ocr_carea' id='block_1_7' title="bbox 912 2584 1571 2630">
    <p class='ocr_par' dir='ltr' id='par_1_9' title="bbox 912 2584 1571 2630">
     <span class='ocr_line' id='line_1_22' title="bbox 912 2584 1571 2630; baseline -0.008 0"><span class='ocrx_word' id='word_1_90' title='bbox 912 2590 1001 2630; x_wconf 94' lang='lat' dir='ltr'>AD</span> <span class='ocrx_word' id='word_1_91' title='bbox 1046 2584 1571 2630; x_wconf 87' lang='lat' dir='ltr'><strong>COMPLETORIUM.</strong></span> 
     </span>
    </p>
   </div>
   <div class='ocr_carea' id='block_1_8' title="bbox 768 2788 1619 3094">
    <p class='ocr_par' dir='ltr' id='par_1_10' title="bbox 768 2788 1619 3094">
     <span class='ocr_line' id='line_1_23' title="bbox 770 2788 1534 2866; baseline -0.007 -19"><span class='ocrx_word' id='word_1_92' title='bbox 770 2792 943 2849; x_wconf 87' lang='lat' dir='ltr'>Adsis</span> <span class='ocrx_word' id='word_1_93' title='bbox 988 2808 1233 2866; x_wconf 90' lang='lat' dir='ltr'>superne</span> <span class='ocrx_word' id='word_1_94' title='bbox 1280 2788 1534 2863; x_wconf 88' lang='lat' dir='ltr'>Spiritus,</span> 
     </span>
     <span class='ocr_line' id='line_1_24' title="bbox 768 2873 1619 2946; baseline -0.007 -17"><span class='ocrx_word' id='word_1_95' title='bbox 768 2875 932 2930; x_wconf 90' lang='lat' dir='ltr'>Pater</span> <span class='ocrx_word' id='word_1_96' title='bbox 974 2873 1224 2946; x_wconf 84' lang='lat' dir='ltr'>benigne</span> <span class='ocrx_word' id='word_1_97' title='bbox 1267 2887 1619 2946; x_wconf 87' lang='lat' dir='ltr'>pauperum:</span> 
     </span>
     <span class='ocr_line' id='line_1_25' title="bbox 777 2952 1484 3029; baseline -0.007 -18"><span class='ocrx_word' id='word_1_98' title='bbox 777 2956 1032 3029; x_wconf 82' lang='lat' dir='ltr'>Sinuque</span> <span class='ocrx_word' id='word_1_99' title='bbox 1075 2953 1281 3010; x_wconf 90' lang='lat' dir='ltr'>fundas</span> <span class='ocrx_word' id='word_1_100' title='bbox 1324 2952 1484 3008; x_wconf 91' lang='lat' dir='ltr'>uberi</span> 
     </span>
     <span class='ocr_line' id='line_1_26' title="bbox 772 3037 1559 3094; baseline -0.008 -2"><span class='ocrx_word' id='word_1_101' title='bbox 772 3037 1062 3094; x_wconf 88' lang='lat' dir='ltr'>Promissa</span> <span class='ocrx_word' id='word_1_102' title='bbox 1104 3037 1262 3093; x_wconf 89' lang='lat' dir='ltr'>terris</span> <span class='ocrx_word' id='word_1_103' title='bbox 1306 3049 1559 3091; x_wconf 91' lang='lat' dir='ltr'>munera.</span> 
     </span>
    </p>
   </div>
  </div>
 </body>
</html>
