<?xml version="1.0" encoding="UTF-8"?>
<!DOCTYPE html PUBLIC "-//W3C//DTD XHTML 1.0 Transitional//EN"
    "http://www.w3.org/TR/xhtml1/DTD/xhtml1-transitional.dtd">
<html xmlns="http://www.w3.org/1999/xhtml" xml:lang="en" lang="en">
 <head>
  <title>
</title>
<meta http-equiv="Content-Type" content="text/html;charset=utf-8" />
  <meta name='ocr-system' content='tesseract 3.04.00' />
  <meta name='ocr-capabilities' content='ocr_page ocr_carea ocr_par ocr_line ocrx_word'/>
</head>
<body>
  <div class='ocr_page' id='page_1' title='image "./hymniecc00newmuoft_0400.png"; bbox 0 0 2164 3724; ppageno 0'>
   <div class='ocr_carea' id='block_1_1' title="bbox 859 235 1723 330">
    <p class='ocr_par' dir='ltr' id='par_1_1' title="bbox 859 235 1723 330">
     <span class='ocr_line' id='line_1_1' title="bbox 859 235 1723 330; baseline -0.001 -1"><span class='ocrx_word' id='word_1_1' title='bbox 859 271 935 330; x_wconf 84' lang='lat' dir='ltr'>In</span> <span class='ocrx_word' id='word_1_2' title='bbox 977 270 1139 328; x_wconf 82' lang='lat' dir='ltr'>Festo</span> <span class='ocrx_word' id='word_1_3' title='bbox 1182 268 1245 328; x_wconf 83' lang='lat' dir='ltr'>S.</span> <span class='ocrx_word' id='word_1_4' title='bbox 1276 235 1640 329; x_wconf 51' lang='lat' dir='ltr'>Sahramentz:</span> <span class='ocrx_word' id='word_1_5' title='bbox 1721 270 1723 274; x_wconf 77' lang='grc'><strong>’</strong></span> 
     </span>
    </p>
   </div>
   <div class='ocr_carea' id='block_1_2' title="bbox 591 437 1586 500">
    <p class='ocr_par' dir='ltr' id='par_1_2' title="bbox 591 437 1586 500">
     <span class='ocr_line' id='line_1_2' title="bbox 591 437 1586 500; baseline -0.005 -3"><span class='ocrx_word' id='word_1_6' title='bbox 591 450 594 453; x_wconf 80' lang='grc'><strong>“</strong></span> <span class='ocrx_word' id='word_1_7' title='bbox 680 440 891 496; x_wconf 88' lang='lat' dir='ltr'>Fracto</span> <span class='ocrx_word' id='word_1_8' title='bbox 932 437 1168 493; x_wconf 90' lang='lat' dir='ltr'>demum</span> <span class='ocrx_word' id='word_1_9' title='bbox 1210 445 1586 500; x_wconf 87' lang='lat' dir='ltr'>sacramento,</span> 
     </span>
    </p>
   </div>
   <div class='ocr_carea' id='block_1_3' title="bbox 679 518 1653 1087">
    <p class='ocr_par' dir='ltr' id='par_1_3' title="bbox 681 518 1546 588">
     <span class='ocr_line' id='line_1_3' title="bbox 681 518 1546 588; baseline -0.006 -10"><span class='ocrx_word' id='word_1_10' title='bbox 681 522 774 578; x_wconf 94' lang='lat' dir='ltr'>Ne</span> <span class='ocrx_word' id='word_1_11' title='bbox 817 518 1060 588; x_wconf 84' lang='lat' dir='ltr'>vacilleS,</span> <span class='ocrx_word' id='word_1_12' title='bbox 1105 518 1208 575; x_wconf 90' lang='lat' dir='ltr'>sed</span> <span class='ocrx_word' id='word_1_13' title='bbox 1250 526 1546 574; x_wconf 89' lang='lat' dir='ltr'>memento</span> 
     </span>
    </p>

    <p class='ocr_par' dir='ltr' id='par_1_4' title="bbox 683 598 1636 674">
     <span class='ocr_line' id='line_1_4' title="bbox 683 598 1636 674; baseline -0.004 -15"><span class='ocrx_word' id='word_1_14' title='bbox 683 603 940 659; x_wconf 89' lang='lat' dir='ltr'>Tantum</span> <span class='ocrx_word' id='word_1_15' title='bbox 984 619 1111 658; x_wconf 90' lang='lat' dir='ltr'>esse</span> <span class='ocrx_word' id='word_1_16' title='bbox 1156 600 1262 657; x_wconf 93' lang='lat' dir='ltr'>sub</span> <span class='ocrx_word' id='word_1_17' title='bbox 1306 598 1636 674; x_wconf 84' lang='lat' dir='ltr'>fragmento</span> 
     </span>
    </p>

    <p class='ocr_par' dir='ltr' id='par_1_5' title="bbox 699 682 1492 756">
     <span class='ocr_line' id='line_1_5' title="bbox 699 682 1492 756; baseline -0.003 -16"><span class='ocrx_word' id='word_1_18' title='bbox 699 683 703 687; x_wconf 80' lang='grc'><strong>’</strong></span> <span class='ocrx_word' id='word_1_19' title='bbox 762 684 1062 755; x_wconf 85' lang='lat' dir='ltr'>Quantum</span> <span class='ocrx_word' id='word_1_20' title='bbox 1105 691 1228 739; x_wconf 90' lang='lat' dir='ltr'>toto</span> <span class='ocrx_word' id='word_1_21' title='bbox 1270 682 1492 756; x_wconf 87' lang='lat' dir='ltr'>tegitur.</span> 
     </span>
    </p>

    <p class='ocr_par' dir='ltr' id='par_1_6' title="bbox 679 764 1400 834">
     <span class='ocr_line' id='line_1_6' title="bbox 679 764 1400 834; baseline -0.007 -10"><span class='ocrx_word' id='word_1_22' title='bbox 679 767 853 824; x_wconf 88' lang='lat' dir='ltr'>Nulla</span> <span class='ocrx_word' id='word_1_23' title='bbox 894 766 975 822; x_wconf 89' lang='lat' dir='ltr'>rei</span> <span class='ocrx_word' id='word_1_24' title='bbox 1018 764 1081 821; x_wconf 90' lang='lat' dir='ltr'>fit</span> <span class='ocrx_word' id='word_1_25' title='bbox 1123 765 1400 834; x_wconf 85' lang='lat' dir='ltr'>scissura;</span> 
     </span>
    </p>

    <p class='ocr_par' dir='ltr' id='par_1_7' title="bbox 683 845 1516 924">
     <span class='ocr_line' id='line_1_7' title="bbox 683 845 1516 924; baseline -0.005 -18"><span class='ocrx_word' id='word_1_26' title='bbox 683 849 845 924; x_wconf 85' lang='lat' dir='ltr'>Signi</span> <span class='ocrx_word' id='word_1_27' title='bbox 886 856 1108 904; x_wconf 82' lang='lat' dir='ltr'>tantum</span> <span class='ocrx_word' id='word_1_28' title='bbox 1151 846 1213 902; x_wconf 88' lang='lat' dir='ltr'>fit</span> <span class='ocrx_word' id='word_1_29' title='bbox 1255 845 1516 915; x_wconf 84' lang='lat' dir='ltr'>fractura,</span> 
     </span>
    </p>

    <p class='ocr_par' dir='ltr' id='par_1_8' title="bbox 683 931 1653 1087">
     <span class='ocr_line' id='line_1_8' title="bbox 683 931 1653 1002; baseline -0.005 -14"><span class='ocrx_word' id='word_1_30' title='bbox 683 931 853 1002; x_wconf 83' lang='lat' dir='ltr'>Quae</span> <span class='ocrx_word' id='word_1_31' title='bbox 893 949 1001 987; x_wconf 90' lang='lat' dir='ltr'>nec</span> <span class='ocrx_word' id='word_1_32' title='bbox 1046 938 1241 997; x_wconf 82' lang='lat' dir='ltr'>statuS,</span> <span class='ocrx_word' id='word_1_33' title='bbox 1285 946 1393 985; x_wconf 90' lang='lat' dir='ltr'>nec</span> <span class='ocrx_word' id='word_1_34' title='bbox 1437 938 1653 985; x_wconf 86' lang='lat' dir='ltr'>statura</span> 
     </span>
     <span class='ocr_line' id='line_1_9' title="bbox 766 1011 1314 1087; baseline -0.007 -17"><span class='ocrx_word' id='word_1_35' title='bbox 766 1012 985 1087; x_wconf 89' lang='lat' dir='ltr'>Signati</span> <span class='ocrx_word' id='word_1_36' title='bbox 1027 1011 1314 1067; x_wconf 84' lang='lat' dir='ltr'>minuitur.</span> 
     </span>
    </p>
   </div>
   <div class='ocr_carea' id='block_1_4' title="bbox 683 1174 1565 1823">
    <p class='ocr_par' dir='ltr' id='par_1_9' title="bbox 683 1174 1442 1416">
     <span class='ocr_line' id='line_1_10' title="bbox 683 1174 1442 1251; baseline -0.008 -17"><span class='ocrx_word' id='word_1_37' title='bbox 683 1177 838 1234; x_wconf 89' lang='lat' dir='ltr'>Ecce</span> <span class='ocrx_word' id='word_1_38' title='bbox 880 1176 1046 1251; x_wconf 90' lang='lat' dir='ltr'>panis</span> <span class='ocrx_word' id='word_1_39' title='bbox 1089 1174 1442 1248; x_wconf 82' lang='lat' dir='ltr'>angelorum,</span> 
     </span>
     <span class='ocr_line' id='line_1_11' title="bbox 685 1257 1439 1324; baseline -0.008 -8"><span class='ocrx_word' id='word_1_40' title='bbox 685 1260 893 1316; x_wconf 87' lang='lat' dir='ltr'>Factus</span> <span class='ocrx_word' id='word_1_41' title='bbox 939 1258 1100 1315; x_wconf 90' lang='lat' dir='ltr'>cibus</span> <span class='ocrx_word' id='word_1_42' title='bbox 1143 1257 1439 1324; x_wconf 84' lang='lat' dir='ltr'>viatorum,</span> 
     </span>
     <span class='ocr_line' id='line_1_12' title="bbox 683 1339 1351 1416; baseline -0.006 -20"><span class='ocrx_word' id='word_1_43' title='bbox 683 1342 836 1398; x_wconf 84' lang='lat' dir='ltr'>Vere</span> <span class='ocrx_word' id='word_1_44' title='bbox 879 1340 1045 1416; x_wconf 90' lang='lat' dir='ltr'>panis</span> <span class='ocrx_word' id='word_1_45' title='bbox 1089 1339 1351 1407; x_wconf 91' lang='lat' dir='ltr'>filiorum,</span> 
     </span>
    </p>

    <p class='ocr_par' dir='ltr' id='par_1_10' title="bbox 685 1419 1565 1747">
     <span class='ocr_line' id='line_1_13' title="bbox 768 1419 1565 1480; baseline -0.008 0"><span class='ocrx_word' id='word_1_46' title='bbox 768 1424 908 1480; x_wconf 91' lang='lat' dir='ltr'>Non</span> <span class='ocrx_word' id='word_1_47' title='bbox 950 1420 1262 1478; x_wconf 83' lang='lat' dir='ltr'>mittendus</span> <span class='ocrx_word' id='word_1_48' title='bbox 1307 1419 1565 1476; x_wconf 85' lang='lat' dir='ltr'>canibus,</span> 
     </span>
     <span class='ocr_line' id='line_1_14' title="bbox 689 1502 1455 1580; baseline -0.007 -18"><span class='ocrx_word' id='word_1_49' title='bbox 689 1507 758 1562; x_wconf 87' lang='lat' dir='ltr'>In</span> <span class='ocrx_word' id='word_1_50' title='bbox 802 1505 999 1580; x_wconf 90' lang='lat' dir='ltr'>figuris</span> <span class='ocrx_word' id='word_1_51' title='bbox 1043 1502 1455 1578; x_wconf 81' lang='lat' dir='ltr'>praesignatur,</span> 
     </span>
     <span class='ocr_line' id='line_1_15' title="bbox 688 1585 1455 1647; baseline -0.009 -1"><span class='ocrx_word' id='word_1_52' title='bbox 688 1589 842 1647; x_wconf 90' lang='lat' dir='ltr'>Cum</span> <span class='ocrx_word' id='word_1_53' title='bbox 886 1588 1052 1645; x_wconf 88' lang='lat' dir='ltr'>Isaac</span> <span class='ocrx_word' id='word_1_54' title='bbox 1095 1585 1455 1641; x_wconf 86' lang='lat' dir='ltr'>immolatur:</span> 
     </span>
     <span class='ocr_line' id='line_1_16' title="bbox 685 1667 1559 1747; baseline -0.009 -19"><span class='ocrx_word' id='word_1_55' title='bbox 685 1672 893 1747; x_wconf 91' lang='lat' dir='ltr'>Agnus</span> <span class='ocrx_word' id='word_1_56' title='bbox 936 1668 1193 1726; x_wconf 85' lang='lat' dir='ltr'>Paschae</span> <span class='ocrx_word' id='word_1_57' title='bbox 1237 1667 1559 1743; x_wconf 78' lang='lat' dir='ltr'>deputatur,</span> 
     </span>
    </p>

    <p class='ocr_par' dir='ltr' id='par_1_11' title="bbox 768 1749 1522 1823">
     <span class='ocr_line' id='line_1_17' title="bbox 768 1749 1522 1823; baseline -0.008 -13"><span class='ocrx_word' id='word_1_58' title='bbox 768 1753 951 1809; x_wconf 88' lang='lat' dir='ltr'>Datur</span> <span class='ocrx_word' id='word_1_59' title='bbox 995 1769 1209 1807; x_wconf 88' lang='lat' dir='ltr'>manna</span> <span class='ocrx_word' id='word_1_60' title='bbox 1250 1749 1522 1823; x_wconf 86' lang='lat' dir='ltr'>patribus.</span> 
     </span>
    </p>
   </div>
   <div class='ocr_carea' id='block_1_5' title="bbox 689 1914 1665 2715">
    <p class='ocr_par' dir='ltr' id='par_1_12' title="bbox 689 1914 1547 2221">
     <span class='ocr_line' id='line_1_18' title="bbox 691 1914 1510 1990; baseline -0.01 -15"><span class='ocrx_word' id='word_1_61' title='bbox 691 1919 853 1975; x_wconf 89' lang='lat' dir='ltr'>Bone</span> <span class='ocrx_word' id='word_1_62' title='bbox 898 1926 1109 1990; x_wconf 80' lang='lat' dir='ltr'>pastor,</span> <span class='ocrx_word' id='word_1_63' title='bbox 1155 1914 1320 1988; x_wconf 92' lang='lat' dir='ltr'>panis</span> <span class='ocrx_word' id='word_1_64' title='bbox 1364 1931 1510 1980; x_wconf 89' lang='lat' dir='ltr'>vere,</span> 
     </span>
     <span class='ocr_line' id='line_1_19' title="bbox 689 1997 1414 2076; baseline -0.011 -18"><span class='ocrx_word' id='word_1_65' title='bbox 689 2001 844 2076; x_wconf 89' lang='lat' dir='ltr'>Jesu,</span> <span class='ocrx_word' id='word_1_66' title='bbox 889 1999 1068 2055; x_wconf 88' lang='lat' dir='ltr'>nostri</span> <span class='ocrx_word' id='word_1_67' title='bbox 1110 1997 1414 2063; x_wconf 81' lang='lat' dir='ltr'>miserere3</span> 
     </span>
     <span class='ocr_line' id='line_1_20' title="bbox 691 2083 1547 2154; baseline -0.007 -15"><span class='ocrx_word' id='word_1_68' title='bbox 691 2083 788 2139; x_wconf 93' lang='lat' dir='ltr'>Tu</span> <span class='ocrx_word' id='word_1_69' title='bbox 830 2099 939 2138; x_wconf 93' lang='lat' dir='ltr'>nos</span> <span class='ocrx_word' id='word_1_70' title='bbox 982 2098 1171 2154; x_wconf 88' lang='lat' dir='ltr'>pasce,</span> <span class='ocrx_word' id='word_1_71' title='bbox 1218 2095 1326 2134; x_wconf 94' lang='lat' dir='ltr'>nos</span> <span class='ocrx_word' id='word_1_72' title='bbox 1370 2087 1547 2145; x_wconf 80' lang='lat' dir='ltr'>tuere,</span> 
     </span>
     <span class='ocr_line' id='line_1_21' title="bbox 692 2159 1504 2221; baseline -0.01 0"><span class='ocrx_word' id='word_1_73' title='bbox 692 2165 790 2221; x_wconf 94' lang='lat' dir='ltr'>Tu</span> <span class='ocrx_word' id='word_1_74' title='bbox 832 2182 940 2220; x_wconf 92' lang='lat' dir='ltr'>nos</span> <span class='ocrx_word' id='word_1_75' title='bbox 983 2163 1139 2219; x_wconf 91' lang='lat' dir='ltr'>bona·</span> <span class='ocrx_word' id='word_1_76' title='bbox 1182 2160 1271 2217; x_wconf 87' lang='lat' dir='ltr'>fac</span> <span class='ocrx_word' id='word_1_77' title='bbox 1314 2159 1504 2215; x_wconf 89' lang='lat' dir='ltr'>videre</span> 
     </span>
    </p>

    <p class='ocr_par' dir='ltr' id='par_1_13' title="bbox 694 2243 1665 2633">
     <span class='ocr_line' id='line_1_22' title="bbox 773 2243 1396 2303; baseline -0.01 0"><span class='ocrx_word' id='word_1_78' title='bbox 773 2247 843 2303; x_wconf 91' lang='lat' dir='ltr'>In</span> <span class='ocrx_word' id='word_1_79' title='bbox 885 2255 1031 2302; x_wconf 86' lang='lat' dir='ltr'>terra</span> <span class='ocrx_word' id='word_1_80' title='bbox 1074 2243 1396 2299; x_wconf 82' lang='lat' dir='ltr'>viventium.</span> 
     </span>
     <span class='ocr_line' id='line_1_23' title="bbox 694 2322 1665 2402; baseline -0.006 -17"><span class='ocrx_word' id='word_1_81' title='bbox 694 2329 807 2398; x_wconf 87' lang='lat' dir='ltr'>Tu,</span> <span class='ocrx_word' id='word_1_82' title='bbox 853 2328 950 2402; x_wconf 92' lang='lat' dir='ltr'>qui</span> <span class='ocrx_word' id='word_1_83' title='bbox 994 2335 1198 2383; x_wconf 84' lang='lat' dir='ltr'>cuncta</span> <span class='ocrx_word' id='word_1_84' title='bbox 1242 2325 1352 2382; x_wconf 93' lang='lat' dir='ltr'>scis</span> <span class='ocrx_word' id='word_1_85' title='bbox 1396 2333 1451 2380; x_wconf 90' lang='lat' dir='ltr'>et</span> <span class='ocrx_word' id='word_1_86' title='bbox 1494 2322 1665 2385; x_wconf 76' lang='lat' dir='ltr'>vales,</span> 
     </span>
     <span class='ocr_line' id='line_1_24' title="bbox 695 2405 1665 2483; baseline -0.009 -15"><span class='ocrx_word' id='word_1_87' title='bbox 695 2411 813 2481; x_wconf 86' lang='lat' dir='ltr'>Qui</span> <span class='ocrx_word' id='word_1_88' title='bbox 855 2428 963 2467; x_wconf 93' lang='lat' dir='ltr'>nos</span> <span class='ocrx_word' id='word_1_89' title='bbox 1007 2409 1198 2483; x_wconf 91' lang='lat' dir='ltr'>pascis</span> <span class='ocrx_word' id='word_1_90' title='bbox 1241 2406 1332 2462; x_wconf 93' lang='lat' dir='ltr'>hic</span> <span class='ocrx_word' id='word_1_91' title='bbox 1375 2405 1665 2470; x_wconf 73' lang='lat' dir='ltr'>mortales,</span> 
     </span>
     <span class='ocr_line' id='line_1_25' title="bbox 694 2487 1460 2556; baseline -0.009 -6"><span class='ocrx_word' id='word_1_92' title='bbox 694 2494 860 2550; x_wconf 94' lang='lat' dir='ltr'>Tuos</span> <span class='ocrx_word' id='word_1_93' title='bbox 904 2493 981 2548; x_wconf 92' lang='lat' dir='ltr'>ibi</span> <span class='ocrx_word' id='word_1_94' title='bbox 1024 2487 1460 2556; x_wconf 86' lang='lat' dir='ltr'>commensales,</span> 
     </span>
     <span class='ocr_line' id='line_1_26' title="bbox 699 2570 1435 2633; baseline -0.008 0"><span class='ocrx_word' id='word_1_95' title='bbox 699 2574 1065 2633; x_wconf 87' lang='lat' dir='ltr'>Cohaeredes</span> <span class='ocrx_word' id='word_1_96' title='bbox 1110 2582 1165 2629; x_wconf 89' lang='lat' dir='ltr'>et</span> <span class='ocrx_word' id='word_1_97' title='bbox 1209 2570 1435 2629; x_wconf 87' lang='lat' dir='ltr'>sodales</span> 
     </span>
    </p>

    <p class='ocr_par' dir='ltr' id='par_1_14' title="bbox 778 2652 1534 2715">
     <span class='ocr_line' id='line_1_27' title="bbox 778 2652 1534 2715; baseline -0.012 0"><span class='ocrx_word' id='word_1_98' title='bbox 778 2659 892 2715; x_wconf 85' lang='lat' dir='ltr'>Fac</span> <span class='ocrx_word' id='word_1_99' title='bbox 939 2664 1267 2714; x_wconf 89' lang='lat' dir='ltr'>sanctorum</span> <span class='ocrx_word' id='word_1_100' title='bbox 1310 2652 1534 2710; x_wconf 86' lang='lat' dir='ltr'>civium.</span> 
     </span>
    </p>
   </div>
  </div>
 </body>
</html>
