2164 3724
583 240 782 300 Natz‘v.
827 238 890 298 S.
919 237 1182 316 soanmk.

241 405 359 476 Qui
402 415 555 463 creat
596 405 897 469 mundum,
943 405 1015 462 sit
1057 403 1245 463 honos
1289 403 1550 461 Parenti:

239 487 392 546 Laus
434 488 536 544 tibi
577 505 832 562 compar,
877 486 1200 561 Reparator
1241 487 1431 545 orbis:

237 571 477 646 Aequus
520 570 826 627 amborum
869 569 941 626 sit
982 569 1170 628 honos
1213 589 1316 645 per
1358 587 1534 627 omne

402 652 668 729 Tempus
710 652 932 710 Amori.

680 1022 772 1064 AD
815 1023 1085 1068 LAUDES.

234 1227 406 1285 Nunc
450 1229 567 1286 suis
609 1229 844 1286 tandem
888 1249 1072 1289 novus
1117 1249 1148 1287 e
1192 1229 1424 1286 latebris

234 1310 428 1367 Prodit
471 1311 641 1381 Elias,
687 1312 1033 1388 populisque
1078 1312 1372 1370 Christum

232 1392 475 1463 Clamat,
521 1396 877 1470 exprobrans
924 1415 1029 1454 sua
1071 1396 1362 1471 viperinae

392 1475 650 1534 Crimina
691 1477 858 1553 proli.

230 1640 321 1695 En
364 1640 526 1698 Deus
565 1642 759 1716 judex,
803 1642 966 1700 Deus
1010 1661 1084 1698 en
1126 1643 1474 1718 propinquat

230 1722 528 1781 Ventilans
573 1724 798 1799 fruges:
853 1726 1075 1799 superis
1118 1726 1398 1796 recondet*

230 1805 510 1862 Triticum
554 1808 724 1872 cellis‚
769 1808 1082 1883 paleasque
1127 1808 1283 1865 diros

396 1888 615 1946 Tradet
657 1891 715 1946 in
759 1892 941 1964 ignes.

230 2051 422 2126 Hujus
466 2054 729 2125 adventu,
774 2054 1024 2129 rigidum
1068 2056 1300 2129 superbi

230 2133 570 2208 Deprimant
612 2149 842 2195 montes
887 2148 1059 2212 caput
1078 2157 1091 2208 ;
1142 2139 1433 2212 erigantur

228 2216 477 2276 Vallium
520 2221 737 2293 passim
782 2239 952 2278 cava:
1002 2221 1356 2294 corrigantur

411 2303 591 2360 Prava
632 2304 867 2360 viarum.

227 2470 434 2526 Sancte
477 2487 830 2543 praecursor,
877 2468 1008 2525 date
1052 2485 1264 2541 praeco
1306 2466 1465 2534 lucis,

226 2551 450 2609 Excitet
495 2569 705 2608 somno
748 2561 844 2607 tua
887 2569 998 2607 vox
1043 2551 1283 2619 inertes;

228 2634 304 2689 Ut
348 2652 549 2708 graves
593 2634 731 2689 olim
775 2633 1063 2708 fugiamus
1106 2632 1263 2705 Agni

387 2716 648 2772 Vindicis
691 2716 819 2773 iras.

227 2882 467 2936 Summa
510 2880 632 2936 laus
677 2879 844 2947 Patri,
890 2879 1201 2953 genitoque
1245 2878 1477 2935 Verbo:

228 2963 467 3037 Aequus
512 2963 815 3017 amborum
861 2963 931 3018 sit
974 2961 1161 3018 honos
1206 2961 1427 3025 Amori,

225 3044 341 3115 Qui
386 3063 612 3101 sacrum
657 3043 867 3101 Christi
911 3044 1169 3120 pugilem
1211 3053 1477 3119 potenter

386 3127 569 3202 Ungit
612 3136 667 3184 et
710 3137 910 3184 armat.

1576 254 1688 311 125
