2164 3724
494 274 570 332 In
612 274 938 350 Epzjblzanz‘a
964 232 1226 346 Domini.

668 662 759 704 AD
805 661 1074 704 LAUDES.

142 843 435 919 Linquunt
475 853 624 902 tecta
671 844 835 920 Magi
881 847 1154 922 principis
1201 850 1373 921 urbis,

140 926 214 982 Et
261 945 468 1000 parvae
515 928 738 1002 cupidis
773 930 1007 986 moenia
1051 930 1350 989 Bethleem

139 1009 304 1066 Votis
351 1011 739 1084 praecipiunt3
782 1011 1023 1087 jamque
1070 1014 1178 1069 sub
1225 1015 1344 1072 imo

139 1091 253 1166 Spe
296 1093 540 1148 subnixa
585 1093 740 1150 fides·
773 1095 948 1151 corde
996 1096 1323 1171 triumphat.

138 1255 191 1312 O
240 1257 337 1330 qui
383 1257 626 1314 laetitiae
677 1277 896 1328 sensus,
946 1269 1007 1315 ut
1054 1260 1161 1317 illis

137 1338 384 1413 Signans
430 1359 623 1396 rursus
671 1341 773 1396 iter
821 1342 980 1398 stella
1026 1342 1274 1401 refulsit:

135 1421 601 1496 Incumbensque
651 1424 829 1480 domo
874 1424 1141 1498 lampade
1187 1445 1384 1500 prona,

134 1503 421 1560 Infantem
466 1504 720 1562 exhibuit
764 1508 959 1563 matris
1004 1508 1063 1562 in
1106 1508 1286 1579 ulnis!

132 1668 271 1724 Non
314 1668 403 1724 hic
450 1669 710 1742 splendet
750 1672 905 1741 ebur,
951 1690 1069 1728 non
1113 1673 1286 1729 micat
1329 1692 1530 1732 aurum
1551 1696 1563 1745 ;

132 1750 269 1807 Non
313 1751 459 1807 velat
502 1752 734 1809 rutilans
779 1772 1030 1828 purpura
1074 1773 1316 1829 corpus:

128 1833 388 1890 Horrens
433 1833 523 1890 hic
569 1835 872 1906 stabulum,
917 1837 1073 1911 regia
1092 1857 1106 1908 3
1151 1839 1372 1896 nudum

128 1915 242 1972 Hic
287 1934 580 1990 praesepe,
627 1916 898 1989 thronus3
945 1939 1214 1994 purpura,
1259 1925 1451 1996 panni.

126 2079 317 2154 Reges
362 2100 580 2156 pompa
623 2083 764 2140 alios
809 2083 965 2142 dives
1010 2085 1281 2143 adornet:

12 2195 23 2211 x
124 2162 489 2236 Regnantem
533 2166 735 2223 melius
781 2185 841 2222 se
885 2170 1091 2241 probat
1135 2170 1257 2243 ipse

125 2245 191 2299 In
235 2247 325 2301 vili
368 2248 549 2321 palea,
594 2267 846 2323 paupere
892 2251 1061 2320 culm,

120 2328 380 2385 Flecteris
424 2331 666 2404 imperio
709 2333 885 2388 cor-da
929 2335 1162 2407 potenti.

121 2493 213 2548 Ad
259 2513 436 2550 cunas
482 2495 723 2553 humiles
769 2499 985 2572 poplite
1030 2516 1219 2567 curve,

119 2575 395 2633 Praesens
440 2579 498 2633 in
542 2578 727 2635 Puero
772 2580 1007 2636 Numen
1051 2580 1323 2637 adorant:

118 2657 190 2712 Et
235 2677 341 2714 nos
388 2661 460 2716 ad
506 2660 773 2731 Puerum,
821 2664 996 2736 digna
1040 2681 1302 2737 propago

119 2739 365 2810 Patrum,
412 2744 581 2816 plena
625 2744 736 2800 fide
782 2746 956 2801 corda
1002 2745 1265 2802 feramus,

120 2903 265 2977 Regi
311 2916 501 2963 castus
547 2926 708 2963 amor
751 2911 1003 2983 porrigat
1047 2928 1280 2980 aurum;

114 2986 407 3061 Castigata
451 2989 668 3045 homini
714 3009 956 3066 corpora
998 2993 1322 3066 myrrham;

115 3068 299 3125 Instar
343 3071 521 3128 thuris
566 3084 727 3129 erunt
772 3085 903 3130 vota
944 3093 1293 3150 precesque:

114 3150 216 3207 Illo
260 3153 419 3209 thure
464 3154 657 3210 Deum
701 3157 800 3213 rite
844 3156 1100 3214 fatemur.

1252 3258 1288 3296 E

1607 295 1682 349 49
