2164 3724
994 386 1306 434 PRAEFA
1326 386 1468 433 TIO.

430 569 611 621 nostris,
636 568 727 628 qui,
753 581 892 614 caeco
927 569 1128 628 quodam
1161 568 1515 622 reformationis,
1540 581 1679 626 quam
1702 573 1887 620 vocant,
1912 572 2039 610 aestu

435 698 483 742 in
505 698 704 742 Ecclesia
739 698 906 756 passim
941 699 1159 752 fervente,
1184 713 1209 742 e
1232 696 1524 759 religionibus
1558 695 1660 749 suis,
1684 709 1779 739 non
1813 709 1929 753 quae
1964 708 2043 738 ex-

433 829 637 865 terorum
679 822 878 866 studium
921 795 1143 880 posceret,
1178 823 1255 868 sed
1296 837 1412 881 quae
1455 822 1524 874 vis⁴
1563 829 1870 880 extorqueret,
1904 819 2039 864 missa

433 945 670 999 fecerunt;
723 962 748 990 a
795 947 1025 992 malesana
1067 946 1355 1005 philosophia
1397 947 1560 1004 ereptis
1597 946 1812 1000 caeteris„
1843 960 1896 989 ea
1935 927 2043 988 con-

433 1069 652 1122 cedendo,
690 1084 807 1127 quae
848 1070 1140 1115 sanctitatem
1180 1071 1313 1129 plane
1354 1072 1540 1125 nullam,
1582 1086 1739 1129 parem
1782 1078 1938 1115 autem
1978 1069 2044 1112 in-

435 1194 607 1238 vidiam
652 1195 887 1240 haberent.
964 1196 1085 1240 Hinc
1126 1196 1203 1250 illi,
1244 1197 1406 1255 quibus
1447 1211 1567 1241 nunc
1614 1196 1799 1249 utimur,
1840 1195 1952 1240 ritus
2000 1203 2045 1238 et

436 1317 750 1362 caeremoniae
770 1334 781 1372 ;
817 1317 923 1362 hinc
947 1332 1097 1362 rerum
1121 1317 1378 1362 divinarum
1402 1317 1516 1362 ordo
1536 1334 1547 1371 ;
1583 1317 1689 1361 hinc
1714 1325 1759 1360 et
1784 1315 2043 1374 disciplinae

434 1451 615 1487 nostrae
641 1444 788 1487 forma
814 1452 859 1486 et
884 1443 1048 1503 agendi
1071 1443 1189 1487 ratio
1214 1443 1458 1502 repetenda
1483 1451 1564 1488 est.

508 1566 648 1620 Quod
690 1567 724 1610 si
760 1566 841 1610 fiat
876 1567 1099 1624 quaestiO,
1135 1581 1212 1611 cur
1253 1567 1583 1637 diligentissimi
1618 1566 1716 1620 viri,
1753 1580 1856 1610 cum
1891 1572 2044 1609 nostra

440 1691 594 1735 omnia
621 1700 934 1745 retractarent,
963 1692 1264 1752 hymnodiam
1298 1693 1447 1738 solum
1478 1693 1716 1745 intactam,
1743 1700 1789 1736 et
1821 1700 2043 1749 tanquam

437 1819 738 1876 desperatam,
764 1834 820 1863 ne
845 1820 995 1864 dicam
1020 1820 1330 1878 improbatam
1355 1820 1629 1878 reliquerint,
1648 1820 1692 1864 id
1717 1834 1826 1863 vero
1851 1833 1907 1863 ex
1931 1818 2047 1876 ejus-

437 1942 563 1985 modi
588 1943 765 1987 silentio
790 1943 979 1986 minime
996 1943 1318 2003 ,colligendum
1351 1943 1449 1987 erit.
1517 1943 1656 1996 Nam,
1682 1957 1787 1986 cum
1821 1950 2044 1986 statutum

437 2076 566 2121 esset,
586 2078 637 2112 ut
663 2069 809 2112 cultus
836 2068 1025 2120 divinus,
1045 2083 1100 2110 eo
1125 2082 1265 2125 usque
1289 2067 1336 2111 in
1360 2067 1527 2111 Latino
1553 2067 1772 2111 idiomate
1797 2067 2045 2119 absolutus,

439 2194 647 2238 transiret
680 2194 725 2236 in
758 2193 1063 2245 vernaculam,
1089 2191 1187 2250 quis
1221 2191 1364 2245 daret,
1389 2199 1440 2235 ut
1473 2191 1549 2249 qui
1581 2199 1765 2249 possent
1798 2190 1967 2248 aliquid
2001 2191 2046 2232 in

437 2318 568 2362 rebus
594 2316 906 2368 reformandis,
927 2316 957 2358 ii
982 2315 1028 2358 in
1052 2315 1232 2372 poetica
1258 2314 1469 2359 florerent
1495 2315 1640 2369 simul,
1660 2315 1799 2359 verba
1821 2323 1975 2358 autem
2001 2315 2046 2357 in

437 2456 616 2485 versum
643 2451 687 2485 et
707 2440 993 2498 quaestiones
1014 2440 1071 2483 ad
1091 2439 1294 2483 veritatis
1314 2452 1539 2491 normam,
1557 2438 1652 2496 pari
1673 2438 1852 2483 solertia
1874 2439 2046 2498 redige—

438 2569 576 2612 rent?
645 2569 777 2611 Unde
810 2569 985 2611 factum
1019 2575 1099 2619 est,
1125 2574 1176 2609 ut
1209 2565 1255 2608 in
1287 2564 1447 2609 officiis
1483 2564 1658 2616 divinis,
1684 2563 1792 2607 dum
1824 2562 2046 2607 habemus

436 2663 630 2745 caetera,
655 2693 852 2752 hymnos
876 2708 970 2736 non
994 2692 1259 2736 habeamus.

507 2821 661 2877 Qare
706 2821 751 2862 in
793 2820 880 2864 hac
923 2818 1150 2863 Ecclesiae
1193 2825 1375 2862 nostrae
1416 2816 1717 2875 qualicunque
1753 2815 1920 2874 inopia,
1955 2815 2046 2859 hoc

439 2954 661 3001 tempore,
696 2944 862 2988 Lector
898 2942 1133 2994 benevole,
1166 2941 1249 2985 tibi
1285 2941 1554 2998 apponenda
1590 2938 1829 2983 statuimus
1865 2938 1938 2982 illa
1974 2938 2046 2982 vel

443 3069 622 3112 illorum
649 3068 824 3119 similia,
850 3083 966 3125 quae
991 3066 1133 3111 nostri
1159 3066 1205 3108 in
1230 3065 1410 3110 saeculo
1444 3064 1622 3108 decimo
1659 3070 1804 3115 sext0‚
1829 3076 1934 3106 cum
1968 3078 2046 3106 sua

445 3199 607 3243 essent,
644 3191 699 3233 de
734 3189 943 3234 manibus
980 3190 1222 3246 prudenter
1258 3188 1536 3240 amiserunt;
1579 3199 1672 3229 non
1708 3185 1797 3237 illa,
1833 3199 1890 3228 ex
1922 3184 2047 3227 omni
