2164 3724
431 258 602 316 Intra
651 216 917 314 Oclavam
960 255 1333 333 Epiphaniae.

158 424 286 482 Nos
329 423 492 482 radix
535 423 698 481 oleae
741 422 999 492 sustinet.
1058 422 1188 480 Ah!
1237 441 1390 492 cave,

156 507 275 578 Qui
317 516 452 577 staS,
495 524 570 563 ne
614 505 786 563 sterili
829 505 1062 562 deficias
1106 505 1237 563 fide.

158 590 255 646 Tu
297 607 495 650 ramos
535 598 753 646 veteres
798 587 983 645 insere
1028 588 1258 646 denuo:

320 673 419 729 Tu
461 690 638 742 serva,
682 670 862 741 DeuS,
907 671 1126 728 insitos,

154 838 271 908 Qui
316 854 424 894 nos
466 837 730 894 membra
773 836 919 894 sacri
962 837 1221 910 corporis
1265 835 1456 904 efficit,

156 920 240 980 Sit
282 919 404 977 laus
450 938 678 977 summa
721 918 910 975 Patri:
963 919 1087 976 laus
1132 936 1366 993 quoque
1409 918 1572 987 Filio,

156 1003 338 1078 Cujus
381 1003 646 1060 membra
690 1020 927 1060 sumus:
980 1019 1098 1076 quo
1140 1002 1303 1077 vigor
1345 1001 1530 1057 influit

317 1084 616 1156 Membris,
661 1086 784 1142 laus
827 1085 946 1154 tibi,
994 1084 1252 1159 Spiritus

691 1414 1026 1423 ·ff———-·

227 1634 491 1691 INTRA
538 1632 952 1691 OCTAVAM
996 1631 1522 1693 EPIPHANIAE.

534 1872 624 1913 AD
669 1870 978 1943 OFFICIUM
1024 1871 1216 1914 NOCT.

155 2071 291 2141 Qua
333 2069 500 2144 lapsu
542 2069 715 2126 tacito
761 2068 922 2126 stella
964 2068 1310 2142 loquacibus

157 2152 431 2211 Scintillat
474 2152 663 2222 radiis,
708 2151 821 2209 huc
865 2151 1047 2208 oculis
1093 2151 1276 2226 Magi,

156 2236 290 2293 Huc
336 2235 648 2305 desideriis,
693 2235 805 2291 huc
849 2235 1063 2309 rapidis
1111 2235 1278 2290 simul

318 2317 555 2375 Certant
598 2318 834 2374 tendere
878 2317 1163 2392 passibus.

155 2482 233 2537 Ut
278 2492 512 2539 ventum
559 2482 876 2557 Solymam,
921 2499 1045 2538 non
1090 2483 1213 2539 sine
1258 2484 1498 2538 numine

155 2565 391 2622 Laetam
438 2566 597 2622 stella
640 2566 845 2634 facem,
890 2565 1038 2638 proh
1085 2565 1281 2621 dolor!
1334 2567 1576 2634 occulit;

157 2648 534 2721 Incertosque
577 2649 718 2716 viae,
765 2667 872 2704 ceu
914 2647 1109 2703 medio
1155 2665 1361 2721 vagam

319 2730 523 2799 CurSU,
571 2730 839 2799 destituit,
884 2739 1083 2786 ratem.

156 2894 256 2962 Illi,
301 2893 378 2949 nil
422 2895 641 2951 rabiem
685 2894 981 2969 principis,
1026 2893 1249 2950 invidas

156 2976 251 3032 Nil
297 2986 445 3033 artes
489 2977 664 3046 veriti,
712 2975 896 3053 (tanta
940 2977 1146 3033 animis
1191 2974 1396 3052 fidesl)

155 3058 330 3115 Urbis
374 3078 477 3134 per
520 3059 778 3134 trepidae
823 3060 1079 3133 compita
1122 3059 1460 3133 praedicant

320 3141 546 3217 Regem
592 3160 867 3216 quaerere
913 3160 974 3198 se
1017 3160 1253 3198 novum.

1035 3242 1071 3279 E
1112 3243 1140 3278 2
