2164 3724
705 270 1012 345 Virgz‘num.
1541 289 1564 326 1
1577 287 1647 345 97

200 423 350 480 Patri
393 421 648 478 maxima
690 420 831 489 lam,
874 420 1131 479 maxima
1173 420 1334 490 Filio,

199 506 641 578 Amborumque
685 520 849 559 sacro
893 503 1075 577 gloria
1118 502 1377 573 Flamini,

199 587 381 663 Cujus
425 585 713 661 praesidio
757 585 973 659 praelia
1017 586 1315 655 sustinent,

359 669 565 744 Spreto
608 667 823 737 funere,
869 667 1157 742 Virgines

548 1017 672 1074 Pro
715 1037 820 1074 non
863 1016 1140 1090 Marfflsre.

198 1251 323 1306 Vos
369 1248 425 1306 O
470 1250 707 1324 virginei
751 1269 885 1307 cum
930 1250 1157 1308 citharis
1201 1252 1376 1320 chori,

196 1332 352 1407 Agni
397 1332 650 1402 deliciae,
695 1351 828 1406 pars
871 1335 1064 1407 gregis
1109 1334 1344 1408 optima,

196 1415 491 1489 Sponsum
535 1415 790 1488 virgineo
835 1417 1203 1490 progenitum
1251 1417 1378 1473 sinu

362 1496 523 1554 Puris
568 1497 743 1554 tollite
788 1498 1067 1555 laudibus,

198 1662 364 1719 Haec
407 1673 495 1719 est
540 1681 702 1719 sacra
744 1663 884 1732 dies,
929 1663 1099 1719 obvia
1142 1681 1257 1737 qua
1300 1682 1407 1720 suo

195 1744 348 1802 Cum
392 1745 564 1819 plena
605 1745 838 1802 rutilans
883 1745 1151 1820 lampade
1192 1746 1449 1820 jungitur

196 1828 445 1902 Sponso‚
478 1837 751 1901 stansque
782 1827 989 1885 throno
1019 1828 1286 1902 proxima
1317 1830 1566 1885 concinit

356 1910 539 1984 Virgo
583 1911 806 1967 cantica
848 1910 1088 1985 Virgini.

196 2075 335 2132 Solo
381 2075 556 2150 digna
599 2075 731 2132 Deo
777 2076 1042 2150 conjuge,
1088 2076 1302 2150 respuit

195 2158 471 2214 Mortales
515 2157 832 2215 thalamos:
880 2167 941 2214 ut
987 2158 1166 2214 semel
1209 2158 1425 2233 obligat

197 2241 336 2297 Sese
381 2241 496 2297 fida
539 2259 662 2309 suo,
710 2259 886 2315 quem
929 2242 1078 2297 bene
1124 2240 1358 2315 deperit,

359 2323 523 2379 Ultro
569 2342 630 2379 se
677 2323 838 2380 Deus
882 2324 1114 2397 obligat.

198 2488 411 2543 Purum
455 2506 527 2543 ne
571 2487 862 2543 maculent
906 2499 1106 2561 pectus
1151 2489 1447 2562 imagines,

196 2570 262 2624 In
307 2589 369 2626 se
414 2580 534 2626 tota
580 2571 666 2626 sui
712 2571 969 2643 corporis
1014 2572 1321 2627 immemor

198 2652 369 2708 Mens
416 2671 542 2708 sese
587 2653 786 2726 recipit
809 2671 822 2721 ;
875 2653 954 2707 nil
999 2653 1149 2709 oculi
1193 2654 1400 2717 vident,

361 2734 558 2791 Surdis
603 2735 680 2790 nil
726 2744 891 2791 sonat
935 2736 1180 2792 auribus,

196 2900 392 2971 Aegro
437 2900 528 2953 vix
577 2917 680 2954 sua
726 2909 856 2954 sunt
899 2899 1111 2973 pabula
1156 2902 1397 2974 corpori,

194 2981 373 3036 Ardet
418 2981 570 3036 mille
615 2980 805 3037 modis
851 2991 981 3038 ante
1028 2981 1180 3038 diem
1224 2983 1402 3039 mori:

195 3062 497 3136 Quidquid
526 3081 684 3119 mors
714 3064 908 3137 rapiet,
937 3065 1058 3139 jam
1089 3066 1194 3121 sibi
1227 3066 1520 3139 praeripit}

358 3144 525 3201 Unus
571 3146 631 3202 fit
677 3145 837 3203 Deus
882 3148 1093 3204 omnia.
