2164 3724
479 265 552 316 42
858 245 934 302 In
974 245 1136 302 Festo
1178 243 1290 304 SS.
1319 244 1704 304 Innocentium.

558 408 815 466 Christus
858 410 1014 466 vocis
1057 427 1251 484 egens,
1295 419 1352 466 te
1394 411 1785 479 morientibuS,

561 490 694 561 Qua
736 491 822 548 fas
865 501 967 561 est,
1012 492 1193 548 oculis
1237 491 1579 566 discipulum
1623 493 1808 560 docet,

558 572 646 628 Ex
691 573 783 629 illa
825 572 1093 630 cathedra
1135 591 1311 647 quam
1355 592 1520 631 cruor
1562 575 1780 643 imbuit,

721 654 915 711 Terris
958 654 1248 729 praedicat
1290 656 1574 713 omnibus.

559 817 767 874 Christi
811 817 923 874 fide
968 836 1180 888 comeS,
1224 819 1488 893 passibus
1532 819 1784 888 aemulis,

559 898 694 969 Quo
739 909 793 956 te
838 899 996 956 duxit
1040 918 1217 968 amor,
1261 910 1317 957 te
1359 901 1523 958 liceat
1568 903 1764 975 sequi:

559 981 771 1055 Ingens
816 982 906 1038 ille
949 982 1088 1038 mihi
1133 983 1202 1039 sit
1245 982 1420 1052 favor,
1466 992 1521 1039 et
1564 985 1682 1058 pati

719 1062 870 1120 Cum
914 1063 1160 1134 Christo,
1206 1065 1374 1122 simul
1417 1074 1472 1121 et
1514 1067 1675 1122 mori.

561 1224 641 1281 Sit
686 1225 809 1282 laus
855 1245 1082 1284 summa
1125 1226 1292 1298 Patri,
1339 1246 1679 1302 summaque
1724 1227 1903 1295 Filio;

560 1307 641 1363 Sit
684 1326 802 1382 par,
849 1318 1060 1379 sancte,
1104 1310 1204 1366 tibi
1247 1310 1443 1384 gloria,
1492 1309 1762 1384 Spiritus:

559 1389 723 1446 Haec
769 1400 854 1446 est
896 1401 1048 1448 certa
1091 1391 1250 1462 fides,
1296 1391 1549 1449 fontibus
1593 1411 1625 1448 e
1667 1391 1777 1447 tuis

719 1471 914 1542 Quam
958 1473 1220 1530 divinitus
1263 1473 1572 1531 hausimus.

678 1767 765 1823 IN
812 1766 1075 1825 FESTO
1123 1767 1222 1825 SS.
1270 1766 1902 1826 INNOCENTIUM.·

504 1915 592 1954 AD
637 1913 943 1955 OFFICIUM
987 1913 1177 1955 NOCT.
1227 1913 1310 1954 ET
1358 1912 1682 1955 SECUNDAS
1731 1912 2053 1954 VESPERAS.

811 2036 1049 2104 Salvete,
1094 2035 1263 2091 fiores
1308 2035 1644 2109 Martyrum,

807 2118 877 2173 In
919 2118 1059 2173 lucis
1103 2118 1229 2190 ipso
1272 2117 1465 2173 limine

808 2199 975 2269 Quos
1020 2217 1220 2255 saevus
1265 2200 1415 2255 ensis
1458 2198 1709 2265 messuit,

808 2281 933 2338 Ceu
975 2282 1140 2337 turbo
1182 2290 1482 2337 nascentes
1525 2298 1700 2336 rosaS.

808 2444 933 2501 Vos
975 2445 1160 2519 prima
1203 2443 1412 2501 Christi
1455 2443 1697 2511 victima,

810 2526 966 2583 Grex
1010 2525 1433 2582 immolatorum
1475 2534 1650 2593 tener,

806 2609 985 2664 Aram
1030 2609 1135 2664 sub
1177 2609 1363 2682 ipsam
1407 2607 1691 2680 simplices

811 2690 1008 2746 Palma
1054 2700 1109 2746 et
1152 2690 1376 2747 coronis
1419 2689 1625 2745 luditis,

813 2851 970 2920 Quid
1015 2854 1236 2929 proficit
1277 2862 1498 2910 tantum
1541 2851 1741 2908 nefas?

813 2932 970 3001 Quid
1015 2936 1230 2992 crimen
1275 2935 1574 2991 Herodem
1615 2933 1807 3007 juvat?

815 3013 979 3073 Unus
1023 3027 1106 3073 tot
1149 3019 1291 3073 inter
1334 3017 1532 3072 funera

816 3094 1059 3170 Impune
1106 3098 1363 3155 Christus
1407 3097 1628 3154 tollitur.
