2164 3724
436 308 439 311 Α
496 252 574 311 In
615 252 822 314 Decoll.
868 253 933 315 S.
961 255 1227 332 joannis.

436 593 526 637 AD
571 592 898 636 SECUNDAS
947 595 1273 641 VESPERAS.

206 805 497 863 Omnibus
540 814 737 862 manat
780 823 949 863 cruor
991 826 1128 865 ecce
1171 810 1362 868 venis:

207 887 365 945 Hinc
409 887 562 946 sitim
605 887 855 963 longam?
888 890 1048 960 satia,
1092 900 1369 965 tyranne;

206 970 281 1027 Et
324 970 487 1028 cibos
531 970 677 1027 inter
718 980 1064 1048 paterasque
1107 992 1256 1049 puro
1355 1044 1358 1051 Ι

372 1052 664 1127 Sanguine
707 1053 841 1112 liba.

206 1217 286 1274 Ut
330 1228 503 1293 eaput
546 1217 700 1287 vidit,
747 1218 995 1293 dapibus
1037 1222 1270 1294 paratiS,

207 1300 401 1358 Triste
444 1299 688 1357 fumanti
731 1301 972 1358 natitare
1016 1303 1170 1372 tab0‚

206 1382 429 1452 Haesit,
475 1383 736 1456 impastis
781 1383 1127 1460 fremuitque
1171 1388 1390 1444 mensis

368 1465 609 1524 Funeris
654 1475 871 1523 auctor.

203 1629 341 1686 Non
384 1640 581 1686 tamen
623 1629 824 1686 frontis
867 1632 1118 1706 gravitas
1161 1651 1398 1690 serenae

204 1711 392 1768 Cessit
436 1712 642 1769 immiti
685 1713 892 1770 violata
935 1713 1118 1770 ferro:

202 1794 363 1851 Dura
405 1795 652 1851 mitescit
694 1795 925 1868 placido
970 1798 1078 1853 sub
1122 1815 1222 1855 ore

365 1876 574 1935 Mortis
618 1877 830 1952 imagO.

203 2041 294 2097 Sic
340 2059 447 2098 suo
489 2060 715 2098 rursum
759 2042 922 2100 Deus
967 2042 1119 2100 hunc
1163 2045 1385 2118 praeire

201 2123 485 2180 Nuntium
529 2124 760 2182 Christo
799 2126 976 2200 jubet,
1023 2126 1332 2201 inferisque

201 2205 370 2262 Ferre
414 2225 765 2281 praeconem
809 2226 959 2265 nova
1003 2209 1281 2266 liberandi

365 2288 598 2346 Gaudia
638 2291 858 2347 mundi,

201 2453 317 2522 Qui
360 2453 492 2511 Deo
535 2455 741 2529 plenus
784 2455 981 2528 rigidis
1027 2454 1281 2511 futurum

202 2535 463 2593 Moribus
509 2536 802 2594 Christum
847 2538 1003 2593 rudis
1048 2538 1422 2611 exprimebat,

200 2617 413 2675 'Debuit
458 2618 599 2675 dura
642 2638 875 2694 quoque
919 2629 1103 2676 morte
1147 2629 1331 2676 totum

364 2700 634 2757 Reddere
680 2701 992 2759 Christum.

204 2863 444 2920 Summa
488 2864 612 2921 laus
655 2864 824 2934 Patri,
870 2866 1183 2940 genitoque
1229 2866 1461 2936 Verbo:

201 2945 274 3001 Et
317 2947 418 3002 tibi
462 2965 717 3021 compar,
762 2948 1056 3023 utriusque
1101 2966 1283 3005 nexus

205 3027 446 3103 Spiritus
492 3048 737 3104 semper,
783 3030 945 3088 Deus
989 3049 1138 3088 unus
1183 3032 1343 3087 omni

366 3110 677 3187 Temporis
722 3131 883 3170 aevo.

1181 3212 1216 3250 L
1250 3214 1278 3251 2

1558 276 1666 334 147
