2164 3724
371 193 449 252 In
491 193 936 252 Praesentatzbne
975 193 1051 252 B.
1095 193 1344 254 Mariae.
1545 183 1659 269 165

200 361 302 418 Sic
345 377 550 418 aurora
590 358 724 416 novi
766 358 965 416 nuntia
1005 359 1252 433 luminis,

204 443 404 500 Primo
446 460 619 499 mane
662 440 796 498 latet
839 441 1091 501 nubibus
1135 443 1323 503 obsita
1338 463 1353 515 3

369 524 514 582 Mox
558 523 742 582 solem
782 523 1049 597 paritura,

368 606 611 663 Plenum
655 605 754 681 qui
795 604 1002 665 referat
1045 607 1216 666 diem.

200 772 309 829 Sol
351 771 410 827 in
452 770 707 846 virgineo
747 778 985 846 pectore
1025 773 1270 846 praeviis

199 854 490 911 Ardorem
532 853 703 910 radiis
744 852 981 911 suscitat
1023 854 1321 912 intimum:

368 935 504 993 Hoc
547 935 834 993 foecunda
876 936 1065 993 calore

364 1017 565 1075 Virtus
604 1018 777 1077 insita
816 1019 1117 1094 germinat.

200 1182 283 1239 Ut
327 1182 432 1239 fert
471 1183 673 1256 prima·
702 1183 866 1241 novis
909 1201 1150 1242 munera
1193 1184 1489 1244 frondibus

201 1266 395 1323 Arbos
438 1265 632 1340 irrigui
674 1265 847 1324 fontis
891 1267 950 1323 in
993 1267 1186 1338 alveo;

366 1348 640 1406 Fructum
681 1348 866 1424 Virgo
910 1348 1126 1421 datura,

368 1430 509 1489 Sese
553 1431 789 1489 floribus
833 1431 1030 1490 induit.

200 1594 287 1650 Sit
331 1613 602 1669 suprema
643 1595 745 1652 tibi
786 1595 985 1670 gloria,
1030 1595 1315 1669 Trinitas;

195 1676 340 1747 Quo
382 1677 566 1752 Virgo
608 1686 866 1735 teneram
910 1697 972 1737 se
1014 1690 1181 1737 vovet
1223 1680 1486 1751 hostiam?

364 1759 498 1816 Puri
541 1760 782 1817 Flamen
823 1762 1053 1831 amoriS,

362 1842 479 1900 Fac
522 1862 630 1901 nos
669 1844 791 1919 jam
832 1844 936 1900 tibi
978 1845 1179 1902 viveree

635 2191 727 2232 AD
773 2191 1042 2235 LAUDES.

359 2394 416 2452 O
461 2405 656 2453 sancte
701 2395 1046 2453 Sanctorum
1088 2397 1265 2469 DeuS,

359 2477 558 2548 Quam
600 2497 745 2552 pura
788 2497 915 2537 sese
961 2480 1198 2539 devovet

360 2559 568 2634 Ignota
610 2562 802 2635 prisco
845 2561 1078 2632 foederi,

362 2642 524 2699 Tuas
570 2643 643 2699 ad
686 2662 814 2700 aras
858 2643 1081 2701 hostia!

352 2805 566 2863 Affiata
606 2825 754 2881 puro
797 2806 1068 2879 Numine,

363 2888 598 2948 Taedas
638 2890 865 2965 jugales
909 2909 1185 2966 respuens

359 2970 564 3041 Maria,
610 2973 797 3029 vinclo
839 2975 1089 3048 perpetis

356 3053 438 3110 Se
482 3055 754 3113 castitatis
798 3056 1030 3131 obligat.
