2164 3724
1038 185 1296 246 Omnium
1341 181 1685 242 Sanctorum.

709 348 912 406 Pronis
954 348 1120 404 turba
1163 366 1367 405 senum
1410 365 1620 404 cernua
1662 347 1959 419 frontibUS,

708 431 862 488 Inter
903 439 986 487 tot
1028 429 1175 486 rutili
1217 429 1439 505 fulgura
1480 429 1725 499 luminiS,

709 512 999 587 Regnanti
1039 511 1298 570 Domino
1341 513 1579 569 devovet
1622 530 1808 582 aurea,

871 593 1040 665 Quae
1082 595 1260 669 ponit,
1306 593 1648 651 diademata.

710 758 928 815 Gentes
973 759 1321 827 innumerae,
1367 758 1715 832 conspicuae
1759 757 1932 815 stolas

706 841 861 914 Agni
903 856 1193 914 purpureo
1237 840 1515 914 sanguine
1559 840 1849 909 candidas,

710 923 922 979 Palmis
967 923 1113 978 laeta
1155 922 1379 991 cohorS,
1425 922 1686 981 cantibus
1729 922 1967 979 aemulis

870 1004 988 1060 Ter
1031 1013 1293 1061 sanctum
1336 1004 1623 1061 celebrant
1665 1003 1874 1060 Deum.

711 1170 792 1225 Sit
836 1169 958 1225 laus
1002 1185 1230 1225 summa
1272 1167 1439 1236 Patri,
1487 1185 1827 1242 summaque
1871 1167 2046 1224 Filio:

710 1251 792 1307 Sit
834 1269 954 1324 par,
1001 1260 1211 1319 sancte,
1258 1249 1359 1306 tibi
1401 1249 1524 1306 laus
1569 1267 1816 1324 quoque,
1866 1250 2120 1324 Spiritus,

708 1333 826 1402 Qui
870 1332 973 1390 das
1015 1350 1123 1406 pro
1165 1331 1397 1400 meritis,
1443 1331 1694 1405 optimus
1738 1333 1958 1401 arbiter,

870 1414 960 1471 Te
1002 1424 1186 1471 totum
1232 1413 1400 1471 simul
1443 1413 1728 1471 omnibus.

1150 1749 1240 1790 AD
1284 1749 1552 1790 LAUDES.

707 1971 957 2046 Hymnis
1003 1970 1141 2026 dum
1183 1977 1413 2025 resonat
1455 1967 1610 2023 curia
1653 1966 1955 2036 Coclitum,

706 2055 820 2111 Hic
865 2054 1069 2109 flemus
1112 2051 1307 2125 patriis
1352 2050 1561 2105 finibus
1607 2050 1834 2106 exules:

869 2135 984 2191 Hic
1029 2151 1309 2207 suspensa
1351 2142 1614 2188 tenemus

868 2217 1046 2274 Mutis
1091 2215 1349 2272 cantibus
1393 2232 1641 2287 organa:

705 2382 959 2452 Quando
1001 2398 1166 2436 mens
1208 2379 1419 2436 misero
1462 2377 1637 2432 libera
1680 2394 1903 2432 carcere

708 2465 780 2520 Se
825 2466 1023 2520 vestris
1068 2462 1284 2519 sociam
1329 2460 1588 2516 coetibus
1632 2458 1873 2527 inseret;

866 2546 956 2614 Et,
1003 2545 1242 2618 caligine
1285 2542 1466 2617 pulsa,

867 2627 1030 2684 Coeli
1072 2627 1259 2683 lucem
1302 2623 1725 2680 habitabimus?

704 2791 1001 2847 Obscurae
1044 2789 1262 2864 fugient
1303 2787 1509 2844 mentis
1553 2786 1848 2860 imagineS‚

704 2873 854 2929 Cum
900 2882 1113 2929 stantes
1155 2871 1392 2945 propius
1436 2868 1662 2924 luminis
1706 2868 1779 2924 ad
1819 2867 1999 2941 jubar,

865 2954 992 3010 Nos
1035 2972 1231 3009 verum
1275 2953 1397 3009 sine
1440 2951 1592 3006 nube

867 3036 1005 3109 Ipso
1049 3036 1106 3091 in
1149 3035 1305 3091 fonte
1349 3032 1682 3090 videbimus.
