<?xml version="1.0" encoding="UTF-8"?>
<!DOCTYPE html PUBLIC "-//W3C//DTD XHTML 1.0 Transitional//EN"
    "http://www.w3.org/TR/xhtml1/DTD/xhtml1-transitional.dtd">
<html xmlns="http://www.w3.org/1999/xhtml" xml:lang="en" lang="en">
 <head>
  <title>
</title>
<meta http-equiv="Content-Type" content="text/html;charset=utf-8" />
  <meta name='ocr-system' content='tesseract 3.04.00' />
  <meta name='ocr-capabilities' content='ocr_page ocr_carea ocr_par ocr_line ocrx_word'/>
</head>
<body>
  <div class='ocr_page' id='page_1' title='image "./hymniecc00newmuoft_0218.png"; bbox 0 0 2164 3724; ppageno 0'>
   <div class='ocr_carea' id='block_1_1' title="bbox 529 258 641 327">
    <p class='ocr_par' dir='ltr' id='par_1_1' title="bbox 529 258 641 327">
     <span class='ocr_line' id='line_1_1' title="bbox 529 258 641 327; baseline 0.027 -18"><span class='ocrx_word' id='word_1_1' title='bbox 529 258 641 327; x_wconf 82' lang='lat'>198</span> 
     </span>
    </p>
   </div>
   <div class='ocr_carea' id='block_1_2' title="bbox 1148 253 1495 330">
    <p class='ocr_par' dir='ltr' id='par_1_2' title="bbox 1148 253 1495 330">
     <span class='ocr_line' id='line_1_2' title="bbox 1148 253 1495 330; baseline 0.006 -19"><span class='ocrx_word' id='word_1_2' title='bbox 1148 271 1168 303; x_wconf 64' lang='grc' dir='ltr'><strong><em>ὑ</em></strong></span> <span class='ocrx_word' id='word_1_3' title='bbox 1188 253 1495 330; x_wconf 81' lang='lat' dir='ltr'>Vz&#39;rgz&#39;num.</span> 
     </span>
    </p>
   </div>
   <div class='ocr_carea' id='block_1_3' title="bbox 686 403 2003 708">
    <p class='ocr_par' dir='ltr' id='par_1_3' title="bbox 686 403 1979 480">
     <span class='ocr_line' id='line_1_3' title="bbox 686 403 1979 480; baseline 0.003 -19"><span class='ocrx_word' id='word_1_4' title='bbox 686 404 820 474; x_wconf 88' lang='lat' dir='ltr'>Fac,</span> <span class='ocrx_word' id='word_1_5' title='bbox 865 422 901 461; x_wconf 95' lang='lat' dir='ltr'>o</span> <span class='ocrx_word' id='word_1_6' title='bbox 946 403 1186 475; x_wconf 86' lang='lat' dir='ltr'>Christe,</span> <span class='ocrx_word' id='word_1_7' title='bbox 1230 414 1360 462; x_wconf 91' lang='lat' dir='ltr'>tuae</span> <span class='ocrx_word' id='word_1_8' title='bbox 1403 405 1661 480; x_wconf 86' lang='lat' dir='ltr'>Virginis</span> <span class='ocrx_word' id='word_1_9' title='bbox 1705 407 1979 477; x_wconf 79' lang='lat' dir='ltr'>aemu108,</span> 
     </span>
    </p>

    <p class='ocr_par' dir='ltr' id='par_1_4' title="bbox 686 487 1851 562">
     <span class='ocr_line' id='line_1_4' title="bbox 686 487 1851 562; baseline 0.003 -20"><span class='ocrx_word' id='word_1_10' title='bbox 686 487 818 543; x_wconf 89' lang='lat' dir='ltr'>Hac</span> <span class='ocrx_word' id='word_1_11' title='bbox 862 504 970 543; x_wconf 91' lang='lat' dir='ltr'>nos</span> <span class='ocrx_word' id='word_1_12' title='bbox 1014 487 1093 543; x_wconf 90' lang='lat' dir='ltr'>ire</span> <span class='ocrx_word' id='word_1_13' title='bbox 1135 487 1236 543; x_wconf 91' lang='lat' dir='ltr'>tibi</span> <span class='ocrx_word' id='word_1_14' title='bbox 1280 506 1395 562; x_wconf 90' lang='lat' dir='ltr'>qua</span> <span class='ocrx_word' id='word_1_15' title='bbox 1437 488 1688 562; x_wconf 85' lang='lat' dir='ltr'>graditur</span> <span class='ocrx_word' id='word_1_16' title='bbox 1729 489 1851 545; x_wconf 90' lang='lat' dir='ltr'>via:</span> 
     </span>
    </p>

    <p class='ocr_par' dir='ltr' id='par_1_5' title="bbox 689 568 2003 708">
     <span class='ocr_line' id='line_1_5' title="bbox 689 568 2003 646; baseline 0.002 -21"><span class='ocrx_word' id='word_1_17' title='bbox 689 568 806 639; x_wconf 84' lang='lat' dir='ltr'>Qui</span> <span class='ocrx_word' id='word_1_18' title='bbox 835 587 980 643; x_wconf 89' lang='lat' dir='ltr'>gens</span> <span class='ocrx_word' id='word_1_19' title='bbox 1010 578 1207 626; x_wconf 88' lang='lat' dir='ltr'>sancta</span> <span class='ocrx_word' id='word_1_20' title='bbox 1237 588 1450 639; x_wconf 79' lang='lat' dir='ltr'>sumUS,</span> <span class='ocrx_word' id='word_1_21' title='bbox 1481 570 1738 627; x_wconf 91' lang='lat' dir='ltr'>moribus</span> <span class='ocrx_word' id='word_1_22' title='bbox 1769 571 2003 646; x_wconf 82' lang='lat' dir='ltr'>integris</span> 
     </span>
     <span class='ocr_line' id='line_1_6' title="bbox 847 651 1499 708; baseline 0 0"><span class='ocrx_word' id='word_1_23' title='bbox 847 651 964 708; x_wconf 86' lang='lat' dir='ltr'>Fac</span> <span class='ocrx_word' id='word_1_24' title='bbox 1008 651 1113 708; x_wconf 90' lang='lat' dir='ltr'>soli</span> <span class='ocrx_word' id='word_1_25' title='bbox 1155 652 1255 707; x_wconf 88' lang='lat' dir='ltr'>tibi</span> <span class='ocrx_word' id='word_1_26' title='bbox 1299 652 1499 708; x_wconf 89' lang='lat' dir='ltr'>vivere.</span> 
     </span>
    </p>
   </div>
   <div class='ocr_carea' id='block_1_4' title="bbox 682 814 1966 1137">
    <p class='ocr_par' dir='ltr' id='par_1_6' title="bbox 682 814 1966 886">
     <span class='ocr_line' id='line_1_7' title="bbox 682 814 1966 886; baseline -0.002 -13"><span class='ocrx_word' id='word_1_27' title='bbox 682 816 776 873; x_wconf 92' lang='lat' dir='ltr'>Da</span> <span class='ocrx_word' id='word_1_28' title='bbox 818 827 890 886; x_wconf 87' lang='lat' dir='ltr'>te,</span> <span class='ocrx_word' id='word_1_29' title='bbox 937 833 1160 872; x_wconf 83' lang='lat' dir='ltr'>summe</span> <span class='ocrx_word' id='word_1_30' title='bbox 1204 814 1387 886; x_wconf 92' lang='lat' dir='ltr'>Pater,</span> <span class='ocrx_word' id='word_1_31' title='bbox 1432 815 1627 872; x_wconf 89' lang='lat' dir='ltr'>tollere</span> <span class='ocrx_word' id='word_1_32' title='bbox 1670 815 1966 873; x_wconf 87' lang='lat' dir='ltr'>laudibus:</span> 
     </span>
    </p>

    <p class='ocr_par' dir='ltr' id='par_1_7' title="bbox 682 897 1949 972">
     <span class='ocr_line' id='line_1_8' title="bbox 682 897 1949 972; baseline -0.001 -17"><span class='ocrx_word' id='word_1_33' title='bbox 682 899 776 955; x_wconf 91' lang='lat' dir='ltr'>Da</span> <span class='ocrx_word' id='word_1_34' title='bbox 804 910 877 969; x_wconf 91' lang='lat' dir='ltr'>te,</span> <span class='ocrx_word' id='word_1_35' title='bbox 910 897 1149 966; x_wconf 84' lang='lat' dir='ltr'>Christe,</span> <span class='ocrx_word' id='word_1_36' title='bbox 1182 898 1359 972; x_wconf 90' lang='lat' dir='ltr'>sequi,</span> <span class='ocrx_word' id='word_1_37' title='bbox 1390 898 1581 955; x_wconf 91' lang='lat' dir='ltr'>laurea</span> <span class='ocrx_word' id='word_1_38' title='bbox 1610 897 1949 972; x_wconf 90' lang='lat' dir='ltr'>Virginum:</span> 
     </span>
    </p>

    <p class='ocr_par' dir='ltr' id='par_1_8' title="bbox 682 979 1833 1137">
     <span class='ocr_line' id='line_1_9' title="bbox 682 979 1833 1054; baseline -0.001 -17"><span class='ocrx_word' id='word_1_39' title='bbox 682 981 799 1038; x_wconf 87' lang='lat' dir='ltr'>Fac</span> <span class='ocrx_word' id='word_1_40' title='bbox 842 982 1078 1038; x_wconf 86' lang='lat' dir='ltr'>incensa</span> <span class='ocrx_word' id='word_1_41' title='bbox 1120 979 1248 1049; x_wconf 86' lang='lat' dir='ltr'>tuiS,</span> <span class='ocrx_word' id='word_1_42' title='bbox 1296 979 1552 1054; x_wconf 89' lang='lat' dir='ltr'>Spiritus,</span> <span class='ocrx_word' id='word_1_43' title='bbox 1599 980 1833 1038; x_wconf 82' lang='lat' dir='ltr'>ardeant</span> 
     </span>
     <span class='ocr_line' id='line_1_10' title="bbox 843 1062 1659 1137; baseline 0.001 -18"><span class='ocrx_word' id='word_1_44' title='bbox 843 1063 1118 1121; x_wconf 90' lang='lat' dir='ltr'>Flammis</span> <span class='ocrx_word' id='word_1_45' title='bbox 1161 1062 1366 1136; x_wconf 89' lang='lat' dir='ltr'>frigida</span> <span class='ocrx_word' id='word_1_46' title='bbox 1408 1072 1659 1137; x_wconf 87' lang='lat' dir='ltr'>pectora.</span> 
     </span>
    </p>
   </div>
   <div class='ocr_carea' id='block_1_5' title="bbox 974 1510 1666 1581">
    <p class='ocr_par' dir='ltr' id='par_1_9' title="bbox 974 1510 1666 1581">
     <span class='ocr_line' id='line_1_11' title="bbox 974 1510 1666 1581; baseline -0.004 0"><span class='ocrx_word' id='word_1_47' title='bbox 974 1510 1071 1581; x_wconf 34' lang='lat' dir='ltr'>AD*</span> <span class='ocrx_word' id='word_1_48' title='bbox 1115 1536 1421 1581; x_wconf 79' lang='lat' dir='ltr'><strong>OFFICIUM</strong></span> <span class='ocrx_word' id='word_1_49' title='bbox 1474 1535 1666 1579; x_wconf 70' lang='lat' dir='ltr'>Nocr.</span> 
     </span>
    </p>
   </div>
   <div class='ocr_carea' id='block_1_6' title="bbox 1098 1813 1542 1887">
    <p class='ocr_par' dir='ltr' id='par_1_10' title="bbox 1098 1813 1542 1887">
     <span class='ocr_line' id='line_1_12' title="bbox 1098 1813 1542 1887; baseline 0.002 -17"><span class='ocrx_word' id='word_1_50' title='bbox 1098 1814 1224 1871; x_wconf 84' lang='lat' dir='ltr'>Pro</span> <span class='ocrx_word' id='word_1_51' title='bbox 1263 1813 1542 1887; x_wconf 57' lang='lat' dir='ltr'>Margvre.</span> 
     </span>
    </p>
   </div>
   <div class='ocr_carea' id='block_1_7' title="bbox 669 2043 1916 2349">
    <p class='ocr_par' dir='ltr' id='par_1_11' title="bbox 669 2043 1916 2123">
     <span class='ocr_line' id='line_1_13' title="bbox 669 2043 1916 2123; baseline 0.002 -24"><span class='ocrx_word' id='word_1_52' title='bbox 669 2043 974 2118; x_wconf 88' lang='lat' dir='ltr'>Virginum</span> <span class='ocrx_word' id='word_1_53' title='bbox 1017 2045 1204 2114; x_wconf 90' lang='lat' dir='ltr'>robur,</span> <span class='ocrx_word' id='word_1_54' title='bbox 1249 2045 1427 2116; x_wconf 87' lang='lat' dir='ltr'>Deus,</span> <span class='ocrx_word' id='word_1_55' title='bbox 1473 2056 1643 2123; x_wconf 90' lang='lat' dir='ltr'>atque</span> <span class='ocrx_word' id='word_1_56' title='bbox 1687 2058 1916 2104; x_wconf 88' lang='lat' dir='ltr'>custos:</span> 
     </span>
    </p>

    <p class='ocr_par' dir='ltr' id='par_1_12' title="bbox 678 2127 1804 2205">
     <span class='ocr_line' id='line_1_14' title="bbox 678 2127 1804 2205; baseline 0.002 -22"><span class='ocrx_word' id='word_1_57' title='bbox 678 2127 861 2183; x_wconf 84' lang='lat' dir='ltr'>Sexus</span> <span class='ocrx_word' id='word_1_58' title='bbox 904 2127 1163 2197; x_wconf 91' lang='lat' dir='ltr'>imbellis,</span> <span class='ocrx_word' id='word_1_59' title='bbox 1207 2128 1431 2205; x_wconf 85' lang='lat' dir='ltr'>medios</span> <span class='ocrx_word' id='word_1_60' title='bbox 1475 2147 1577 2203; x_wconf 91' lang='lat' dir='ltr'>per</span> <span class='ocrx_word' id='word_1_61' title='bbox 1620 2147 1804 2199; x_wconf 86' lang='lat' dir='ltr'>enses,</span> 
     </span>
    </p>

    <p class='ocr_par' dir='ltr' id='par_1_13' title="bbox 671 2209 1848 2349">
     <span class='ocr_line' id='line_1_15' title="bbox 671 2209 1848 2286; baseline 0.003 -22"><span class='ocrx_word' id='word_1_62' title='bbox 671 2209 828 2265; x_wconf 87' lang='lat' dir='ltr'>Dum</span> <span class='ocrx_word' id='word_1_63' title='bbox 872 2209 1044 2279; x_wconf 85' lang='lat' dir='ltr'>faveS,</span> <span class='ocrx_word' id='word_1_64' title='bbox 1090 2228 1232 2284; x_wconf 87' lang='lat' dir='ltr'>quas</span> <span class='ocrx_word' id='word_1_65' title='bbox 1275 2229 1395 2267; x_wconf 91' lang='lat' dir='ltr'>non</span> <span class='ocrx_word' id='word_1_66' title='bbox 1439 2221 1667 2286; x_wconf 87' lang='lat' dir='ltr'>superat</span> <span class='ocrx_word' id='word_1_67' title='bbox 1709 2212 1848 2267; x_wconf 87' lang='lat' dir='ltr'>virili</span> 
     </span>
     <span class='ocr_line' id='line_1_16' title="bbox 836 2291 1369 2349; baseline 0.002 -2"><span class='ocrx_word' id='word_1_68' title='bbox 836 2291 1074 2349; x_wconf 87' lang='lat' dir='ltr'>Pectore</span> <span class='ocrx_word' id='word_1_69' title='bbox 1117 2301 1331 2349; x_wconf 90' lang='lat' dir='ltr'>mortes</span> <span class='ocrx_word' id='word_1_70' title='bbox 1359 2295 1369 2348; x_wconf 79' lang='lat'><em>1</em></span> 
     </span>
    </p>
   </div>
   <div class='ocr_carea' id='block_1_8' title="bbox 672 2455 1896 2771">
    <p class='ocr_par' dir='ltr' id='par_1_14' title="bbox 674 2455 1624 2532">
     <span class='ocr_line' id='line_1_17' title="bbox 674 2455 1624 2532; baseline 0.002 -21"><span class='ocrx_word' id='word_1_71' title='bbox 674 2455 786 2512; x_wconf 89' lang='lat' dir='ltr'>Pro</span> <span class='ocrx_word' id='word_1_72' title='bbox 830 2457 938 2512; x_wconf 87' lang='lat' dir='ltr'>tuis</span> <span class='ocrx_word' id='word_1_73' title='bbox 983 2457 1092 2514; x_wconf 88' lang='lat' dir='ltr'>aris</span> <span class='ocrx_word' id='word_1_74' title='bbox 1137 2457 1396 2513; x_wconf 89' lang='lat' dir='ltr'>animosa</span> <span class='ocrx_word' id='word_1_75' title='bbox 1439 2456 1624 2532; x_wconf 90' lang='lat' dir='ltr'>Virgo</span> 
     </span>
    </p>

    <p class='ocr_par' dir='ltr' id='par_1_15' title="bbox 674 2538 1813 2613">
     <span class='ocr_line' id='line_1_18' title="bbox 674 2538 1813 2613; baseline 0.001 -20"><span class='ocrx_word' id='word_1_76' title='bbox 674 2538 853 2594; x_wconf 87' lang='lat' dir='ltr'>Molle</span> <span class='ocrx_word' id='word_1_77' title='bbox 898 2539 994 2594; x_wconf 90' lang='lat' dir='ltr'>dat</span> <span class='ocrx_word' id='word_1_78' title='bbox 1036 2540 1238 2613; x_wconf 90' lang='lat' dir='ltr'>poenis</span> <span class='ocrx_word' id='word_1_79' title='bbox 1282 2539 1526 2595; x_wconf 89' lang='lat' dir='ltr'>lacerare</span> <span class='ocrx_word' id='word_1_80' title='bbox 1570 2557 1813 2613; x_wconf 87' lang='lat' dir='ltr'>corpus:</span> 
     </span>
    </p>

    <p class='ocr_par' dir='ltr' id='par_1_16' title="bbox 672 2620 1896 2771">
     <span class='ocr_line' id='line_1_19' title="bbox 672 2620 1896 2690; baseline 0.002 -16"><span class='ocrx_word' id='word_1_81' title='bbox 672 2620 811 2676; x_wconf 87' lang='lat' dir='ltr'>Non</span> <span class='ocrx_word' id='word_1_82' title='bbox 856 2639 991 2677; x_wconf 92' lang='lat' dir='ltr'>suos</span> <span class='ocrx_word' id='word_1_83' title='bbox 1037 2622 1220 2690; x_wconf 90' lang='lat' dir='ltr'>sentit,</span> <span class='ocrx_word' id='word_1_84' title='bbox 1265 2639 1489 2677; x_wconf 89' lang='lat' dir='ltr'>mernor</span> <span class='ocrx_word' id='word_1_85' title='bbox 1532 2624 1601 2678; x_wconf 80' lang='lat' dir='ltr'>o!</span> <span class='ocrx_word' id='word_1_86' title='bbox 1648 2630 1896 2683; x_wconf 83' lang='lat' dir='ltr'>tuorum,</span> 
     </span>
     <span class='ocr_line' id='line_1_20' title="bbox 835 2702 1402 2771; baseline -0.002 -12"><span class='ocrx_word' id='word_1_87' title='bbox 835 2702 1075 2771; x_wconf 86' lang='lat' dir='ltr'>Christe,</span> <span class='ocrx_word' id='word_1_88' title='bbox 1120 2703 1402 2759; x_wconf 90' lang='lat' dir='ltr'>dolorum.</span> 
     </span>
    </p>
   </div>
   <div class='ocr_carea' id='block_1_9' title="bbox 667 2866 1873 3170">
    <p class='ocr_par' dir='ltr' id='par_1_17' title="bbox 671 2866 1873 2941">
     <span class='ocr_line' id='line_1_21' title="bbox 671 2866 1873 2941; baseline 0 -21"><span class='ocrx_word' id='word_1_89' title='bbox 671 2866 806 2923; x_wconf 90' lang='lat' dir='ltr'>Non</span> <span class='ocrx_word' id='word_1_90' title='bbox 850 2885 1052 2940; x_wconf 89' lang='lat' dir='ltr'>graves</span> <span class='ocrx_word' id='word_1_91' title='bbox 1097 2867 1319 2941; x_wconf 88' lang='lat' dir='ltr'>plagae,</span> <span class='ocrx_word' id='word_1_92' title='bbox 1365 2866 1532 2923; x_wconf 86' lang='lat' dir='ltr'>validi</span> <span class='ocrx_word' id='word_1_93' title='bbox 1577 2885 1685 2922; x_wconf 86' lang='lat' dir='ltr'>nec</span> <span class='ocrx_word' id='word_1_94' title='bbox 1727 2867 1873 2922; x_wconf 85' lang='lat' dir='ltr'>ictus</span> 
     </span>
    </p>

    <p class='ocr_par' dir='ltr' id='par_1_18' title="bbox 668 2948 1824 3023">
     <span class='ocr_line' id='line_1_22' title="bbox 668 2948 1824 3023; baseline 0 -21"><span class='ocrx_word' id='word_1_95' title='bbox 668 2948 959 3022; x_wconf 87' lang='lat' dir='ltr'>Integram</span> <span class='ocrx_word' id='word_1_96' title='bbox 1002 2959 1244 3023; x_wconf 90' lang='lat' dir='ltr'>possunt</span> <span class='ocrx_word' id='word_1_97' title='bbox 1287 2949 1496 3006; x_wconf 87' lang='lat' dir='ltr'>violare</span> <span class='ocrx_word' id='word_1_98' title='bbox 1539 2958 1824 3004; x_wconf 89' lang='lat' dir='ltr'>mentem:</span> 
     </span>
    </p>

    <p class='ocr_par' dir='ltr' id='par_1_19' title="bbox 667 3029 1833 3170">
     <span class='ocr_line' id='line_1_23' title="bbox 667 3029 1833 3105; baseline 0.003 -24"><span class='ocrx_word' id='word_1_99' title='bbox 667 3029 823 3098; x_wconf 80' lang='lat' dir='ltr'>Quin</span> <span class='ocrx_word' id='word_1_100' title='bbox 869 3032 1012 3087; x_wconf 85' lang='lat' dir='ltr'>sacri</span> <span class='ocrx_word' id='word_1_101' title='bbox 1042 3031 1240 3088; x_wconf 85' lang='lat' dir='ltr'>crescit</span> <span class='ocrx_word' id='word_1_102' title='bbox 1283 3032 1471 3105; x_wconf 89' lang='lat' dir='ltr'>magis</span> <span class='ocrx_word' id='word_1_103' title='bbox 1515 3030 1833 3087; x_wconf 91' lang='lat' dir='ltr'>obstinatus</span> 
     </span>
     <span class='ocr_line' id='line_1_24' title="bbox 833 3113 1290 3170; baseline 0.004 -3"><span class='ocrx_word' id='word_1_104' title='bbox 833 3114 1017 3169; x_wconf 83' lang='lat' dir='ltr'>Ardor</span> <span class='ocrx_word' id='word_1_105' title='bbox 1061 3113 1290 3170; x_wconf 81' lang='lat' dir='ltr'>amoris,</span> 
     </span>
    </p>
   </div>
  </div>
 </body>
</html>
