2164 3724
461 211 480 248 1
494 213 568 262 44
895 189 973 246 In
1014 187 1219 246 Decoll.
1262 187 1315 246 S.
1345 186 1604 264 joannis.

611 354 780 412 Haec
821 363 956 412 vota
996 353 1232 411 tandem
1275 354 1373 429 qui
1415 353 1690 422 cumulas,
1736 353 1919 422 Pater,

615 437 894 494 Succurre
918 436 1164 507 nostris,
1197 436 1442 511 auspice
1485 434 1662 505 Filio;

612 518 858 575 Infunde
902 537 1145 588 sacrum,
1191 536 1308 593 quo
1350 518 1629 592 vigemus,

614 600 967 671 PectoribuS‚
1012 600 1174 658 Deus
1205 601 1385 670 alme,
1429 599 1685 667 Flamen,

1087 865 1258 969 Aue.
1310 867 1410 990 29.

854 1055 944 1112 IN
986 1054 1639 1115 DEeoLLATIONE

688 1145 694 1151 ’
763 1180 819 1237 S.
863 1178 1212 1255 JOANNIS
1257 1175 1735 1235 BAPTISTAE.

876 1409 966 1450 AD
1010 1407 1243 1449 PRIMAS
1291 1404 1613 1448 VESPERAS.

601 1562 747 1632 Quis
791 1562 898 1632 ille,
945 1562 1113 1637 sylvis
1157 1580 1188 1618 e
1231 1560 1615 1636 penetralibus

598 1645 898 1719 EgreSSUS,
944 1645 1017 1701 ad
1062 1663 1123 1701 se
1167 1653 1249 1700 tot
1292 1643 1540 1718 populos
1582 1642 1789 1699 trahit?

598 1729 694 1783 Ab
736 1746 834 1783 ore
877 1727 1195 1801 pendentes
1239 1725 1524 1800 loquentis

597 1809 733 1879 Qua
776 1810 964 1866 subito
1008 1818 1162 1865 tenet
1206 1818 1323 1864 arte
1367 1807 1601 1863 turbas?

596 1974 690 2028 An
733 1973 822 2029 ille
865 1972 1015 2029 fastu
1055 1971 1292 2045 regifico
1334 1980 1578 2035 tumens,

598 2055 763 2111 Molli
807 2055 1025 2112 solutus
1069 2053 1270 2110 diffluit
1313 2052 1470 2108 otio?

595 2137 836 2194 Levisne
880 2137 1100 2193 arundo
1143 2135 1440 2191 ventilatur

597 2220 845 2276 Arbitrio
887 2218 1180 2293 popularis
1223 2217 1432 2273 aurae?

592 2384 769 2456 Atqui
812 2393 895 2439 ter
939 2400 1121 2439 annos
1161 2381 1282 2456 jam
1327 2380 1516 2436 decies
1560 2378 1725 2434 trahit

594 2465 786 2520 Vitam
830 2465 889 2520 in
931 2463 1231 2538 profundis
1276 2462 1510 2519 saltibus
1553 2478 1836 2535 asperam,

595 2547 831 2604 Virtutis
873 2547 1035 2602 Eliae
1078 2545 1297 2601 futurus

590 2630 782 2703 Atque
826 2629 1000 2685 animi
1041 2644 1356 2702 generosus
1399 2625 1615 2681 haeres.

590 2793 747 2866 Ergo
793 2811 1050 2850 severam
1094 2790 1366 2847 Numinis
1409 2788 1678 2845 omnibus

593 2874 858 2931 Ostentat
902 2875 1062 2943 iram,
1108 2891 1228 2929 non
1270 2871 1503 2928 timidus
1547 2870 1730 2926 mori:

589 2957 857 3013 Assertor
901 2970 1030 3013 acer
1073 2955 1335 3018 veritatis,

589 3037 659 3091 In
702 3056 968 3111 proceres
1011 3046 1171 3094 tonat
1214 3037 1387 3110 inque
1429 3033 1676 3109 plebem.
