2164 3724
481 256 556 313 In
598 256 896 314 Domz'nz‘ca
937 256 1245 315 Passionis.
1596 270 1625 329 7
1643 275 1667 311 t

224 437 517 496 Obstetrix
559 439 787 512 penitus
817 440 1017 496 lancea
1058 438 1324 514 perforat,

223 518 361 590 Quo
403 538 513 578 nos
554 522 841 595 parturiat,
885 532 1086 596 pectus
1129 521 1410 579 amabile:

224 603 371 660 Hoc
404 610 551 676 quae
592 603 751 660 fonte
794 604 932 674 fluit,
976 622 1085 661 nos
1128 623 1293 680 aqua,
1324 622 1432 661 nos
1475 621 1655 672 cruor,

390 683 580 755 Sanat‚
625 686 840 757 liberat,
885 686 1082 743 abluit.

225 852 282 911 O
325 854 472 909 vitae
514 850 727 920 laticeS,
771 851 958 908 vivida
1001 851 1275 908 flumina!
1356 887 1362 899 ·

225 935 281 992 O
326 952 519 992 sacros
563 933 748 990 aditus
791 934 1040 1008 pectoris
1084 934 1304 990 intimi!

225 1017 281 1075 O
323 1027 517 1093 petrae
562 1016 778 1073 solidae
818 1026 940 1072 tuta
981 1016 1293 1073 foramina!

390 1099 445 1158 O
488 1098 677 1156 cordis
720 1099 1061 1173 penetralia!

226 1265 316 1322 Te
347 1266 394 1321 si
436 1273 648 1333 nostra,
693 1263 876 1333 Pater,
921 1264 1160 1320 crimina
1202 1274 1532 1338 provocant,

227 1347 365 1404 Nati
409 1365 569 1404 sacra
611 1346 814 1402 lubens
857 1347 1090 1403 vulnera
1131 1347 1368 1421 respice,

228 1429 382 1486 Cum
426 1439 619 1485 noster
662 1429 878 1485 laceras
921 1429 1153 1504 objiciet
1195 1429 1305 1485 tuis

392 1511 581 1587 Judex
624 1511 957 1568 fulminibus
999 1529 1222 1568 manus.

228 1678 343 1734 Fac
387 1695 488 1751 per
532 1694 716 1745 saeva,
762 1675 944 1745 Pater,
989 1676 1236 1746 vulnera,
1281 1694 1383 1750 per
1426 1694 1636 1738 cruces

229 1761 323 1817 Sic
369 1769 597 1816 aeterna
638 1767 768 1815 tuos
814 1776 1085 1832 quaerere
1126 1759 1353 1833 gaudia,

229 1842 308 1898 Ut
351 1860 484 1899 cum
529 1841 695 1897 Prole
736 1841 836 1896 tibi
876 1841 1100 1915 jugiter,
1148 1860 1213 1898 ac
1244 1851 1343 1898 tuo

395 1923 666 1980 Reddant
713 1922 943 1997 Spiritui
988 1923 1182 1981 decus.

687 2170 1020 2178 Ἣ

310 2352 396 2408 ΙΝ
443 2350 864 2409 DOMINICA
908 2349 1342 2408 PASSIONIS.

515 2501 720 2571 Quinta
771 2500 1248 2575 Quadragesz'mae.

509 2731 598 2771 AD
646 2729 878 2772 PRIMAS
927 2729 1247 2771 VESPERAS.

318 2884 519 2940 Fando
564 2884 691 2957 quis
735 2884 960 2947 audivit,
1006 2884 1117 2940 Dei

317 2966 466 3037 Quis
510 2965 726 3039 grande
771 2966 922 3022 dicat
964 2965 1300 3022 brachium?

318 3049 586 3105 Perculsa
627 3066 793 3105 mens
837 3048 1202 3105 confunditur
1223 3067 1236 3117 ;

325 3131 527 3205 Stupet
572 3131 731 3194 fides,
776 3148 887 3187 vox
932 3130 1136 3188 deficit.
