2164 3724
860 266 936 324 In
978 264 1141 323 Festo
1188 262 1252 334 Q.
1296 261 1632 338 Plagarum.

686 464 813 521 Nos
858 459 1221 536 sempiternis
1266 478 1405 517 crux
1448 469 1546 516 tua

685 546 741 604 O
786 543 1028 614 Christe,
1072 542 1321 599 flammis
1365 541 1540 598 eruit:

686 628 802 684 Hic
845 645 946 683 ure
988 625 1214 694 vindex,
1257 624 1350 680 hic
1395 641 1545 693 seca,
1613 619 1616 622 ⁴

686 710 895 767 Parcas
937 709 997 764 in
1037 716 1333 765 aeternum
1374 705 1571 767 modo,

688 874 840 931 Caro
882 871 1184 941 reclamat;
1230 870 1334 927 sed
1375 869 1555 925 Patris

691 956 873 1031 Urget
914 954 1209 1011 voluntas:
1249 970 1357 1009 nos
1399 961 1497 1008 tua

695 1038 918 1094 Virtute
961 1036 1036 1093 da
1077 1034 1250 1092 fortes
1294 1034 1472 1108 sequi,

694 1120 848 1202 Jesu,
894 1117 1053 1194 quod
1095 1116 1363 1190 exemplo
1409 1116 1602 1173 doceS.

696 1284 900 1340 Livore
945 1290 1174 1339 sanatos
1215 1288 1333 1349 tu0‚

698 1366 948 1439 Tuoque
991 1364 1139 1420 lotos
1184 1361 1478 1436 sanguine,

698 1447 1003 1505 Peccando
1045 1464 1119 1502 ne
1160 1462 1372 1501 novam
1416 1443 1567 1499 sinas

702 1530 906 1587 Parare
950 1547 1058 1585 nos
1101 1527 1201 1583 tibi
1245 1541 1519 1584 crucem.·

705 1695 822 1764 Qui
866 1693 1073 1749 Filium
1114 1691 1297 1760 tradit,
1343 1689 1511 1758 Patri,

706 1776 976 1849 Natoque
1022 1775 1090 1830 sit
1133 1773 1255 1829 laus
1297 1772 1558 1828 victimae
1606 1789 1617 1825 :

706 1858 815 1915 Par
859 1858 929 1914 sit
970 1856 1071 1912 tibi
1114 1855 1252 1924 laus,
1299 1854 1395 1927 qui
1441 1869 1661 1909 sacram

709 1938 1019 1997 Succendis
1067 1956 1239 2006 aram,
1288 1935 1543 2010 Spiritus

1074 2265 1165 2308 AD
1209 2263 1478 2306 LAUDES..

633 2484 798 2554 Quae
842 2492 897 2538 te
940 2497 1044 2555 pro
1087 2477 1285 2553 populi
1329 2476 1658 2534 criminibus
1701 2493 1848 2531 nova

634 2568 933 2623 Insontem
975 2569 1243 2636 properat
1284 2559 1522 2634 perdere
1566 2557 1811 2614 caritas?

637 2648 794 2716 Quid
836 2664 956 2702 non
999 2662 1104 2718 pro
1147 2643 1355 2698 misera
1396 2650 1567 2714 gente
1609 2639 1714 2695 luis
1758 2638 1954 2694 volens

798 2729 1005 2784 Factus
1049 2725 1278 2781 victima
1321 2722 1623 2779 Pontifex?

639 2892 795 2947 Clavi
841 2890 938 2963 qui
979 2889 1277 2963 geminum
1319 2886 1710 2959 transadigunt
1752 2883 1981 2957 pedem,

641 2973 913 3046 Captivos
955 2971 1162 3044 laqueo
1207 2969 1502 3026 daemonis
1547 2975 1779 3034 eruunt3

644 3055 1096 3126 Transfixaeque
1140 3071 1344 3109 manus
1387 3050 1677 3107 excutiunt
1718 3055 1896 3113 vetus.

805 3135 941 3205 Quo
982 3135 1232 3191 mundus
1275 3133 1564 3208 premitur,
1601 3131 1824 3205 jugum.
