2164 3724
420 334 421 337 ,
456 260 534 338 In
575 279 739 337 Festo
781 275 892 336 SS.
926 278 1098 336 Petri
1131 283 1183 334 et
1219 274 1416 334 Pauli.
1594 254 1598 258 ⁴
1605 288 1716 350 357

191 448 390 506 Petrus
436 448 634 504 beatus
678 455 1012 502 catenarum
1054 440 1295 517 laqueos

190 530 421 589 Christo
460 530 698 605 jubente
739 526 890 600 rupit
931 524 1262 581 mirabiliter

194 612 406 670 Custos
450 610 628 680 ovilis,
673 618 730 666 et
774 607 976 665 doctor
1019 596 1333 676 Ecclesiae,

192 695 507 768 Pastorque
550 691 758 767 gregiS‚
805 698 1172 747 conservator
1213 689 1423 758 ovium,

194 778 366 834 Arcet
409 776 677 850 luporum
719 772 1099 831 truculentam
1141 771 1377 828 rabiem.

197 925 626 1019 Quodcumque
671 922 869 980 vinclis
914 940 1086 996 super
1128 930 1338 977 terram
1384 920 1665 978 strinxerit

195 1007 316 1064 Erit
359 1009 418 1064 in
461 1007 624 1064 astris
666 1006 993 1098 religatum
1010 1003 1259 1073 fortiter3

196 1090 272 1147 Et
320 1090 479 1165 quod
521 1087 749 1146 resolvit
792 1088 851 1143 in
894 1076 1053 1143 ter’ris
1099 1085 1331 1142 arbitrio

198 1171 318 1229 Erit
362 1173 612 1230 solutum
658 1188 827 1245 super
872 1169 1018 1227 coeli
1061 1167 1319 1237 radium;

200 1255 267 1311 In
313 1256 425 1312 fine
468 1254 670 1311 mundi
710 1253 887 1329 judex
933 1251 1035 1308 erit
1081 1249 1308 1308 saeculi.

198 1402 336 1458 Non
380 1402 564 1476 impar
609 1399 819 1456 Paulus
865 1397 1014 1467 huie,
1061 1397 1261 1454 doctor
1303 1397 1578 1472 gentium,

202 1484 516 1541 Electionis
559 1483 840 1558 templum
886 1481 1350 1549 sacratissimum,

203 1567 271 1622 In
315 1576 499 1623 morte
545 1584 799 1641 compar,
845 1565 904 1620 in
948 1580 1163 1620 corona
1206 1562 1508 1637 particepS,

202 1651 398 1706 Ambo
441 1650 705 1705 lucernae
750 1658 805 1704 et
850 1646 1027 1703 decus
1071 1645 1347 1702 ecclesiae

206 1732 273 1787 In
318 1733 456 1788 orbe
501 1731 653 1788 claro
699 1738 1003 1786 coruscant
1046 1728 1378 1783 vibramine.

211 1883 265 1939 O
312 1882 507 1939 Roma
549 1880 700 1949 felix,
748 1897 896 1953 quae
941 1887 1172 1934 tuorum
1216 1878 1539 1952 principum

210 1965 290 2021 Es
335 1973 644 2038 purpurata
687 1962 944 2036 pretioso
990 1961 1285 2034 sanguine,

23 2118 26 2122 .
209 2047 457 2104 'Excellis
500 2063 738 2103 omnem
780 2043 983 2099 mundi
1028 2042 1526 2117 pulchritudinem,

0 2124 18 2198 Ξ
213 2129 350 2186 Non
394 2129 561 2185 laude
606 2138 703 2184 tua
747 2126 849 2184 sed
895 2134 1226 2182 sanctorum
1270 2125 1502 2192 meritis,

13 2236 18 2244 ·
214 2212 380 2282 Quos
426 2211 729 2268 cruentatis
770 2209 1045 2284 jugulasti
1087 2208 1307 2281 gladiis.

216 2363 338 2419 Vos
383 2380 521 2436 ergo
564 2361 744 2417 modo
788 2359 1023 2434 gloriosi
1066 2368 1359 2432 martyreS‚

219 2446 382 2501 Petre
427 2445 610 2512 beate,
659 2443 834 2498 Paule
879 2442 1082 2498 mundi
1125 2442 1320 2511 lilium,

218 2527 498 2584 Coelestis
544 2526 705 2582 aulae
748 2524 1121 2599 triumphales
1164 2524 1389 2592 milites,

220 2611 490 2667 Precibus
536 2609 699 2664 almis
743 2607 942 2664 vestris
987 2625 1094 2662 nos
1140 2607 1212 2661 ab
1257 2606 1526 2663 omnibus

222 2692 445 2748 Munite
490 2691 672 2760 malis,
718 2689 856 2746 ferte
904 2708 1073 2764 super
1118 2688 1362 2745 aethera.

225 2844 423 2901 Gloria
467 2841 598 2897 Deo
642 2858 743 2915 per
787 2841 1073 2896 immensa
1117 2839 1374 2908 saecula,

226 2927 307 2984 Sit
350 2925 451 2982 tibi
498 2923 648 2980 Nate
695 2922 872 2979 decus
916 2932 972 2978 et
1014 2922 1337 2996 imperium,

227 3009 451 3077 Honor,
497 3014 768 3080 potestaS‚
816 3013 1130 3078 sanctoque
1178 3003 1406 3078 Spiritui
1424 3021 1438 3072 3

227 3090 311 3148 Sit
358 3089 626 3146 Trinitati
671 3087 822 3144 salus
867 3086 1191 3144 individuae

225 3173 331 3229 Per
385 3173 606 3229 infinita
650 3171 1011 3228 saeculorum
1057 3170 1299 3226 saecula.
