2164 3724
703 245 1054 330 Pontzficum.

237 414 474 472 Fecerat
515 416 739 473 fervens
783 429 959 475 arnor*
991 420 1343 496 inquietum:

239 497 379 567 Quo
421 499 615 572 gregis
659 500 775 556 cari
816 501 914 575 pia
957 521 1094 560 cura
1134 504 1339 578 poscit,

237 581 486 637 Advolat
526 591 864 656 promptus:
923 604 1090 643 mora
1132 604 1252 643 non
1294 596 1527 644 euntem

399 662 533 720 Ulla
573 665 839 722 retardat.

237 826 372 882 Dux
417 828 537 897 iter,
581 828 694 884 vita
735 839 1067 904 praeeunte,
1111 843 1394 891 monstrat
1413 854 1427 904 ;

234 908 600 983 Comprobat
644 910 806 969 factis
851 931 955 969 sua
1000 914 1152 970 dicta
1194 918 1422 990 magnis
1440 937 1455 987 ,-

1579 255 1686 315 181

234 990 308 1047 Et
357 992 598 1048 domum
642 1004 903 1051 sanctam
946 996 1096 1052 bene
1139 997 1330 1056 olente
1375 999 1586 1056 Christi

398 1073 608 1148 Implet
651 1077 847 1134 odore.

233 1236 361 1293 Lux
408 1250 526 1296 erat
570 1254 762 1310 caeco,
809 1242 1078 1299 columen
1121 1244 1351 1314 labanti,

235 1320 371 1377 Una
415 1341 551 1396 spes
596 1323 777 1397 lapSO,
822 1320 1036 1382 misero
1079 1327 1357 1397 levamen,

238 1403 516 1461 Providus
561 1407 783 1462 cunctis
828 1413 1006 1480 pater,
1051 1411 1439 1485 omnibusque

402 1485 619 1544 Omnia
663 1488 865 1545 factus„

231 1649 480 1720 Christe,
527 1651 838 1710 Pastorum
880 1654 1071 1711 bonus
1116 1656 1239 1731 ipse
1284 1657 1499 1727 Pastor}

232 1731 355 1800 Qui
397 1752 605 1808 greges
649 1737 839 1809 pascis
883 1739 1119 1812 proprio
1164 1758 1381 1810 cruore,

233 1813 350 1871 Fac
394 1827 455 1872 ut
499 1827 728 1874 aeterne
774 1819 1017 1876 subeant
1061 1821 1258 1895 opima

396 1898 620 1957 Pascua
660 1902 825 1957 vitae.

670 2246 763 2289 AD
808 2247 1079 2290 LAUDES.

395 2459 550 2534 Jesu,
598 2461 979 2519 ‘Sacerdotum
1026 2462 1219 2533 deCUS,

397 2543 467 2597 In
511 2544 619 2599 hac
665 2546 772 2613 die,
819 2563 934 2619 qua
977 2546 1160 2619 gloria

399 2625 675 2682 Sanctum
721 2646 965 2684 coronas
1010 2627 1357 2698 Praesulem‚

396 2707 564 2764 Votis
609 2709 811 2766 adesto
856 2710 1200 2784 supplicum.

402 2871 502 2927 Sui
546 2874 824 2946 probatus
867 2876 1191 2948 praemium

397 2955 650 3025 Amoris,
696 2966 750 3012 et
793 2958 1004 3031 pignus
1047 2960 1144 3028 tui,

399 3038 453 3091 A
500 3037 666 3095 Patre
711 3040 950 3096 traditos
994 3041 1095 3096 tibi

398 3119 645 3195 Accepit
689 3140 874 3196 agnos
917 3141 1170 3197 pascere.
