<?xml version="1.0" encoding="UTF-8"?>
<!DOCTYPE html PUBLIC "-//W3C//DTD XHTML 1.0 Transitional//EN"
    "http://www.w3.org/TR/xhtml1/DTD/xhtml1-transitional.dtd">
<html xmlns="http://www.w3.org/1999/xhtml" xml:lang="en" lang="en">
 <head>
  <title>
</title>
<meta http-equiv="Content-Type" content="text/html;charset=utf-8" />
  <meta name='ocr-system' content='tesseract 3.04.00' />
  <meta name='ocr-capabilities' content='ocr_page ocr_carea ocr_par ocr_line ocrx_word'/>
</head>
<body>
  <div class='ocr_page' id='page_1' title='image "./hymniecc00newmuoft_0424.png"; bbox 0 0 2164 3724; ppageno 0'>
   <div class='ocr_carea' id='block_1_1' title="bbox 381 302 1316 370">
    <p class='ocr_par' dir='ltr' id='par_1_1' title="bbox 381 302 1316 370">
     <span class='ocr_line' id='line_1_1' title="bbox 381 302 1316 370; baseline 0.002 -18"><span class='ocrx_word' id='word_1_1' title='bbox 381 302 478 370; x_wconf 82' lang='lat'>396</span> <span class='ocrx_word' id='word_1_2' title='bbox 1045 306 1316 355; x_wconf 88' lang='lat' dir='ltr'>INDEX.</span> 
     </span>
    </p>
   </div>
   <div class='ocr_carea' id='block_1_2' title="bbox 331 459 1220 1351">
    <p class='ocr_par' dir='ltr' id='par_1_2' title="bbox 331 459 1220 1084">
     <span class='ocr_line' id='line_1_2' title="bbox 381 459 1082 518; baseline 0.004 -13"><span class='ocrx_word' id='word_1_3' title='bbox 381 461 467 514; x_wconf 89' lang='lat' dir='ltr'>Da,</span> <span class='ocrx_word' id='word_1_4' title='bbox 490 459 674 518; x_wconf 77' lang='lat' dir='ltr'><strong>Christe,</strong></span> <span class='ocrx_word' id='word_1_5' title='bbox 698 477 777 508; x_wconf 91' lang='lat' dir='ltr'>nos</span> <span class='ocrx_word' id='word_1_6' title='bbox 799 470 944 508; x_wconf 88' lang='lat' dir='ltr'><strong>tecum</strong></span> <span class='ocrx_word' id='word_1_7' title='bbox 967 464 1082 509; x_wconf 90' lang='lat' dir='ltr'><strong>mori</strong></span> 
     </span>
     <span class='ocr_line' id='line_1_3' title="bbox 331 543 1087 607; baseline 0.004 -20"><span class='ocrx_word' id='word_1_8' title='bbox 331 560 334 562; x_wconf 54' lang='grc'>“</span> <span class='ocrx_word' id='word_1_9' title='bbox 380 543 547 588; x_wconf 90' lang='lat' dir='ltr'>Debilis</span> <span class='ocrx_word' id='word_1_10' title='bbox 569 551 730 589; x_wconf 87' lang='lat' dir='ltr'>cessent</span> <span class='ocrx_word' id='word_1_11' title='bbox 746 545 962 590; x_wconf 87' lang='lat' dir='ltr'>elementa</span> <span class='ocrx_word' id='word_1_12' title='bbox 982 544 1087 607; x_wconf 89' lang='lat' dir='ltr'>legis</span> 
     </span>
     <span class='ocr_line' id='line_1_4' title="bbox 379 625 937 689; baseline 0.005 -20"><span class='ocrx_word' id='word_1_13' title='bbox 379 625 465 670; x_wconf 91' lang='lat' dir='ltr'>Dei</span> <span class='ocrx_word' id='word_1_14' title='bbox 488 640 690 671; x_wconf 88' lang='lat' dir='ltr'>canamus</span> <span class='ocrx_word' id='word_1_15' title='bbox 710 626 894 689; x_wconf 86' lang='lat' dir='ltr'><strong>gloriam</strong></span> <span class='ocrx_word' id='word_1_16' title='bbox 926 660 937 672; x_wconf 91' lang='lat'><em>.</em></span> 
     </span>
     <span class='ocr_line' id='line_1_5' title="bbox 378 707 1220 756; baseline 0.005 -4"><span class='ocrx_word' id='word_1_17' title='bbox 378 707 604 754; x_wconf 66' lang='lat' dir='ltr'>Descende</span> <span class='ocrx_word' id='word_1_18' title='bbox 626 708 749 754; x_wconf 92' lang='lat' dir='ltr'>coelo</span> <span class='ocrx_word' id='word_1_19' title='bbox 768 723 779 754; x_wconf 78' lang='lat' dir='ltr'><strong><em>z</em></strong></span> <span class='ocrx_word' id='word_1_20' title='bbox 813 719 857 754; x_wconf 90' lang='lat' dir='ltr'>te</span> <span class='ocrx_word' id='word_1_21' title='bbox 882 708 1073 755; x_wconf 88' lang='lat' dir='ltr'>Michael</span> <span class='ocrx_word' id='word_1_22' title='bbox 1096 717 1220 756; x_wconf 84' lang='lat' dir='ltr'><strong>vocat</strong></span> 
     </span>
     <span class='ocr_line' id='line_1_6' title="bbox 377 791 1081 851; baseline 0.009 -17"><span class='ocrx_word' id='word_1_23' title='bbox 377 791 464 837; x_wconf 89' lang='lat' dir='ltr'>Die</span> <span class='ocrx_word' id='word_1_24' title='bbox 486 791 653 837; x_wconf 89' lang='lat' dir='ltr'>dierum</span> <span class='ocrx_word' id='word_1_25' title='bbox 674 792 864 851; x_wconf 85' lang='lat' dir='ltr'>principe</span> <span class='ocrx_word' id='word_1_26' title='bbox 922 827 932 838; x_wconf 93' lang='lat'><em>.</em></span> <span class='ocrx_word' id='word_1_27' title='bbox 1072 832 1081 840; x_wconf 91' lang='lat'><strong>.</strong></span> 
     </span>
     <span class='ocr_line' id='line_1_7' title="bbox 376 874 1083 936; baseline 0.003 -18"><span class='ocrx_word' id='word_1_28' title='bbox 376 874 543 936; x_wconf 87' lang='lat' dir='ltr'>Dignas</span> <span class='ocrx_word' id='word_1_29' title='bbox 565 875 670 935; x_wconf 90' lang='lat' dir='ltr'>quis,</span> <span class='ocrx_word' id='word_1_30' title='bbox 692 875 735 920; x_wconf 92' lang='lat' dir='ltr'>O</span> <span class='ocrx_word' id='word_1_31' title='bbox 763 875 895 928; x_wconf 89' lang='lat' dir='ltr'>Deus,</span> <span class='ocrx_word' id='word_1_32' title='bbox 917 875 995 920; x_wconf 89' lang='lat' dir='ltr'><strong>tibi</strong></span> <span class='ocrx_word' id='word_1_33' title='bbox 1074 912 1083 920; x_wconf 91' lang='lat'>.</span> 
     </span>
     <span class='ocr_line' id='line_1_8' title="bbox 377 957 940 1011; baseline 0.004 -11"><span class='ocrx_word' id='word_1_34' title='bbox 377 957 554 1011; x_wconf 89' lang='lat' dir='ltr'>Divine,</span> <span class='ocrx_word' id='word_1_35' title='bbox 577 958 803 1011; x_wconf 89' lang='lat' dir='ltr'>crescebas,</span> <span class='ocrx_word' id='word_1_36' title='bbox 827 957 940 1004; x_wconf 91' lang='lat' dir='ltr'>Puer</span> 
     </span>
     <span class='ocr_line' id='line_1_9' title="bbox 378 1018 683 1084; baseline 0.003 -1"><span class='ocrx_word' id='word_1_37' title='bbox 378 1018 683 1084; x_wconf 48' lang='lat' dir='ltr'><strong>DoxoioerAE</strong></span> 
     </span>
    </p>

    <p class='ocr_par' dir='ltr' id='par_1_3' title="bbox 378 1121 1084 1351">
     <span class='ocr_line' id='line_1_10' title="bbox 378 1121 1068 1175; baseline 0.003 -9"><span class='ocrx_word' id='word_1_38' title='bbox 378 1123 516 1175; x_wconf 86' lang='lat' dir='ltr'><strong>Dum,</strong></span> <span class='ocrx_word' id='word_1_39' title='bbox 538 1121 724 1175; x_wconf 84' lang='lat' dir='ltr'>Christe,</span> <span class='ocrx_word' id='word_1_40' title='bbox 746 1122 936 1167; x_wconf 86' lang='lat' dir='ltr'>confixus</span> <span class='ocrx_word' id='word_1_41' title='bbox 958 1123 1068 1168; x_wconf 91' lang='lat' dir='ltr'>cruci</span> 
     </span>
     <span class='ocr_line' id='line_1_11' title="bbox 380 1205 1084 1251; baseline 0.004 -3"><span class='ocrx_word' id='word_1_42' title='bbox 380 1205 502 1250; x_wconf 90' lang='lat' dir='ltr'>Dum</span> <span class='ocrx_word' id='word_1_43' title='bbox 524 1213 666 1250; x_wconf 86' lang='lat' dir='ltr'><strong>morte</strong></span> <span class='ocrx_word' id='word_1_44' title='bbox 690 1205 824 1250; x_wconf 90' lang='lat' dir='ltr'>victor</span> <span class='ocrx_word' id='word_1_45' title='bbox 846 1207 998 1251; x_wconf 91' lang='lat' dir='ltr'>obruta</span> <span class='ocrx_word' id='word_1_46' title='bbox 1073 1241 1084 1251; x_wconf 87' lang='lat'><strong>.</strong></span> 
     </span>
     <span class='ocr_line' id='line_1_12' title="bbox 379 1286 1080 1351; baseline 0.004 -21"><span class='ocrx_word' id='word_1_47' title='bbox 379 1287 502 1331; x_wconf 90' lang='lat' dir='ltr'>Dum</span> <span class='ocrx_word' id='word_1_48' title='bbox 524 1286 684 1350; x_wconf 86' lang='lat' dir='ltr'>spargit</span> <span class='ocrx_word' id='word_1_49' title='bbox 704 1301 822 1332; x_wconf 90' lang='lat' dir='ltr'><strong>aram</strong></span> <span class='ocrx_word' id='word_1_50' title='bbox 842 1288 1048 1351; x_wconf 88' lang='lat' dir='ltr'>sanguine</span> <span class='ocrx_word' id='word_1_51' title='bbox 1069 1322 1080 1333; x_wconf 92' lang='lat'><strong>.</strong></span> 
     </span>
    </p>
   </div>
   <div class='ocr_carea' id='block_1_3' title="bbox 375 1413 1110 1806">
    <p class='ocr_par' dir='ltr' id='par_1_4' title="bbox 376 1413 1110 1642">
     <span class='ocr_line' id='line_1_13' title="bbox 376 1413 1110 1473; baseline 0.001 -16"><span class='ocrx_word' id='word_1_52' title='bbox 376 1413 500 1466; x_wconf 92' lang='lat' dir='ltr'>Ecce,</span> <span class='ocrx_word' id='word_1_53' title='bbox 525 1414 711 1458; x_wconf 89' lang='lat' dir='ltr'>saltantis</span> <span class='ocrx_word' id='word_1_54' title='bbox 733 1413 922 1472; x_wconf 89' lang='lat' dir='ltr'>pretium</span> <span class='ocrx_word' id='word_1_55' title='bbox 945 1413 1110 1473; x_wconf 88' lang='lat' dir='ltr'>puellae</span> 
     </span>
     <span class='ocr_line' id='line_1_14' title="bbox 376 1496 957 1542; baseline 0.003 -2"><span class='ocrx_word' id='word_1_56' title='bbox 376 1496 487 1540; x_wconf 91' lang='lat' dir='ltr'>Ecce</span> <span class='ocrx_word' id='word_1_57' title='bbox 510 1497 626 1541; x_wconf 92' lang='lat' dir='ltr'>sedes</span> <span class='ocrx_word' id='word_1_58' title='bbox 649 1496 719 1541; x_wconf 91' lang='lat' dir='ltr'>hic</span> <span class='ocrx_word' id='word_1_59' title='bbox 742 1496 957 1542; x_wconf 87' lang='lat' dir='ltr'>Tonantis</span> 
     </span>
     <span class='ocr_line' id='line_1_15' title="bbox 376 1579 924 1642; baseline 0.004 -20"><span class='ocrx_word' id='word_1_60' title='bbox 376 1579 574 1642; x_wconf 88' lang='lat' dir='ltr'>Emergit</span> <span class='ocrx_word' id='word_1_61' title='bbox 596 1580 732 1632; x_wconf 91' lang='lat' dir='ltr'>undis,</span> <span class='ocrx_word' id='word_1_62' title='bbox 756 1588 800 1624; x_wconf 90' lang='lat' dir='ltr'>et</span> <span class='ocrx_word' id='word_1_63' title='bbox 824 1580 924 1625; x_wconf 90' lang='lat' dir='ltr'>Deo</span> 
     </span>
    </p>

    <p class='ocr_par' dir='ltr' id='par_1_5' title="bbox 375 1661 1084 1806">
     <span class='ocr_line' id='line_1_16' title="bbox 375 1661 1084 1720; baseline 0.006 -16"><span class='ocrx_word' id='word_1_64' title='bbox 375 1661 492 1705; x_wconf 90' lang='lat' dir='ltr'><strong>Exiit</strong></span> <span class='ocrx_word' id='word_1_65' title='bbox 514 1662 631 1707; x_wconf 89' lang='lat' dir='ltr'>cunis</span> <span class='ocrx_word' id='word_1_66' title='bbox 652 1661 860 1720; x_wconf 89' lang='lat' dir='ltr'>pretiosus</span> <span class='ocrx_word' id='word_1_67' title='bbox 882 1661 1023 1707; x_wconf 90' lang='lat' dir='ltr'>infans</span> <span class='ocrx_word' id='word_1_68' title='bbox 1074 1697 1084 1708; x_wconf 93' lang='lat'><strong>.</strong></span> 
     </span>
     <span class='ocr_line' id='line_1_17' title="bbox 377 1746 966 1806; baseline -0.002 -16"><span class='ocrx_word' id='word_1_69' title='bbox 377 1746 443 1790; x_wconf 85' lang='lat' dir='ltr'>Ex</span> <span class='ocrx_word' id='word_1_70' title='bbox 465 1762 565 1806; x_wconf 89' lang='lat' dir='ltr'>quo,</span> <span class='ocrx_word' id='word_1_71' title='bbox 587 1747 693 1792; x_wconf 88' lang='lat' dir='ltr'>salus</span> <span class='ocrx_word' id='word_1_72' title='bbox 716 1746 966 1792; x_wconf 88' lang='lat' dir='ltr'><strong>mortalium</strong></span> 
     </span>
    </p>
   </div>
   <div class='ocr_carea' id='block_1_4' title="bbox 376 1868 1235 2675">
    <p class='ocr_par' dir='ltr' id='par_1_6' title="bbox 379 1868 1087 2013">
     <span class='ocr_line' id='line_1_18' title="bbox 379 1868 1087 1932; baseline 0.004 -20"><span class='ocrx_word' id='word_1_73' title='bbox 379 1869 479 1923; x_wconf 91' lang='lat' dir='ltr'>Fac,</span> <span class='ocrx_word' id='word_1_74' title='bbox 505 1868 691 1925; x_wconf 89' lang='lat' dir='ltr'>Christe,</span> <span class='ocrx_word' id='word_1_75' title='bbox 714 1869 847 1914; x_wconf 88' lang='lat' dir='ltr'>nostri</span> <span class='ocrx_word' id='word_1_76' title='bbox 870 1870 1007 1932; x_wconf 85' lang='lat' dir='ltr'>gratia</span> <span class='ocrx_word' id='word_1_77' title='bbox 1078 1906 1087 1915; x_wconf 92' lang='lat'>.</span> 
     </span>
     <span class='ocr_line' id='line_1_19' title="bbox 380 1953 956 2013; baseline 0.005 -18"><span class='ocrx_word' id='word_1_78' title='bbox 380 1953 530 1998; x_wconf 88' lang='lat' dir='ltr'>Fando</span> <span class='ocrx_word' id='word_1_79' title='bbox 553 1954 646 2013; x_wconf 91' lang='lat' dir='ltr'>quis</span> <span class='ocrx_word' id='word_1_80' title='bbox 669 1954 845 2008; x_wconf 90' lang='lat' dir='ltr'>audivit,</span> <span class='ocrx_word' id='word_1_81' title='bbox 872 1954 956 1998; x_wconf 93' lang='lat' dir='ltr'>Dei</span> 
     </span>
    </p>

    <p class='ocr_par' dir='ltr' id='par_1_7' title="bbox 377 2035 1223 2165">
     <span class='ocr_line' id='line_1_20' title="bbox 377 2035 1223 2098; baseline 0.005 -20"><span class='ocrx_word' id='word_1_82' title='bbox 377 2035 537 2080; x_wconf 88' lang='lat' dir='ltr'>Felices</span> <span class='ocrx_word' id='word_1_83' title='bbox 558 2050 789 2081; x_wconf 91' lang='lat' dir='ltr'>nemorum</span> <span class='ocrx_word' id='word_1_84' title='bbox 812 2036 1040 2098; x_wconf 90' lang='lat' dir='ltr'>pangimus</span> <span class='ocrx_word' id='word_1_85' title='bbox 1067 2036 1223 2082; x_wconf 89' lang='lat' dir='ltr'>incolas</span> 
     </span>
     <span class='ocr_line' id='line_1_21' title="bbox 378 2120 933 2165; baseline 0.002 -2"><span class='ocrx_word' id='word_1_86' title='bbox 378 2120 498 2163; x_wconf 86' lang='lat' dir='ltr'>Felix</span> <span class='ocrx_word' id='word_1_87' title='bbox 521 2120 611 2164; x_wconf 87' lang='lat' dir='ltr'>dies</span> <span class='ocrx_word' id='word_1_88' title='bbox 633 2120 883 2165; x_wconf 89' lang='lat' dir='ltr'><strong>mortalibus</strong></span> <span class='ocrx_word' id='word_1_89' title='bbox 923 2154 933 2164; x_wconf 92' lang='lat'><strong>.</strong></span> 
     </span>
    </p>

    <p class='ocr_par' dir='ltr' id='par_1_8' title="bbox 379 2202 981 2262">
     <span class='ocr_line' id='line_1_22' title="bbox 379 2202 981 2262; baseline -0.002 -16"><span class='ocrx_word' id='word_1_90' title='bbox 379 2202 502 2246; x_wconf 88' lang='lat' dir='ltr'>Felix</span> <span class='ocrx_word' id='word_1_91' title='bbox 523 2203 627 2258; x_wconf 88' lang='lat' dir='ltr'>dies,</span> <span class='ocrx_word' id='word_1_92' title='bbox 651 2217 783 2262; x_wconf 89' lang='lat' dir='ltr'><strong>quam</strong></span> <span class='ocrx_word' id='word_1_93' title='bbox 806 2202 981 2262; x_wconf 90' lang='lat' dir='ltr'>proprio</span> 
     </span>
    </p>

    <p class='ocr_par' dir='ltr' id='par_1_9' title="bbox 376 2283 1232 2430">
     <span class='ocr_line' id='line_1_23' title="bbox 377 2283 1232 2344; baseline 0.001 -16"><span class='ocrx_word' id='word_1_94' title='bbox 377 2285 499 2330; x_wconf 84' lang='lat' dir='ltr'>Felix</span> <span class='ocrx_word' id='word_1_95' title='bbox 521 2294 661 2331; x_wconf 91' lang='lat' dir='ltr'>morte</span> <span class='ocrx_word' id='word_1_96' title='bbox 687 2293 774 2341; x_wconf 87' lang='lat' dir='ltr'>tua,</span> <span class='ocrx_word' id='word_1_97' title='bbox 797 2285 870 2344; x_wconf 90' lang='lat' dir='ltr'>qui</span> <span class='ocrx_word' id='word_1_98' title='bbox 893 2283 1140 2330; x_wconf 88' lang='lat' dir='ltr'>cruciatibus</span> <span class='ocrx_word' id='word_1_99' title='bbox 1223 2320 1232 2329; x_wconf 91' lang='lat'><strong>.</strong></span> 
     </span>
     <span class='ocr_line' id='line_1_24' title="bbox 376 2368 975 2430; baseline 0.003 -19"><span class='ocrx_word' id='word_1_100' title='bbox 376 2368 576 2430; x_wconf 85' lang='lat' dir='ltr'>Flagrans</span> <span class='ocrx_word' id='word_1_101' title='bbox 600 2383 763 2422; x_wconf 86' lang='lat' dir='ltr'>amore,</span> <span class='ocrx_word' id='word_1_102' title='bbox 787 2368 975 2428; x_wconf 90' lang='lat' dir='ltr'>perditos</span> 
     </span>
    </p>

    <p class='ocr_par' dir='ltr' id='par_1_10' title="bbox 377 2451 976 2511">
     <span class='ocr_line' id='line_1_25' title="bbox 377 2451 976 2511; baseline 0.002 -16"><span class='ocrx_word' id='word_1_103' title='bbox 377 2451 523 2496; x_wconf 91' lang='lat' dir='ltr'>Fortes</span> <span class='ocrx_word' id='word_1_104' title='bbox 546 2451 739 2496; x_wconf 90' lang='lat' dir='ltr'>cadendo</span> <span class='ocrx_word' id='word_1_105' title='bbox 763 2451 976 2511; x_wconf 88' lang='lat' dir='ltr'>Martyres</span> 
     </span>
    </p>

    <p class='ocr_par' dir='ltr' id='par_1_11' title="bbox 378 2533 921 2595">
     <span class='ocr_line' id='line_1_26' title="bbox 378 2533 921 2595; baseline 0.004 -18"><span class='ocrx_word' id='word_1_106' title='bbox 378 2533 495 2578; x_wconf 90' lang='lat' dir='ltr'>Forti</span> <span class='ocrx_word' id='word_1_107' title='bbox 519 2542 692 2595; x_wconf 86' lang='lat' dir='ltr'>tegente</span> <span class='ocrx_word' id='word_1_108' title='bbox 715 2533 889 2579; x_wconf 89' lang='lat' dir='ltr'><strong>brachio</strong></span> <span class='ocrx_word' id='word_1_109' title='bbox 911 2570 921 2579; x_wconf 92' lang='lat'><strong><em>.</em></strong></span> 
     </span>
    </p>

    <p class='ocr_par' dir='ltr' id='par_1_12' title="bbox 378 2615 1235 2675">
     <span class='ocr_line' id='line_1_27' title="bbox 378 2615 1235 2675; baseline 0.004 -17"><span class='ocrx_word' id='word_1_110' title='bbox 378 2615 564 2659; x_wconf 87' lang='lat' dir='ltr'>Fumant</span> <span class='ocrx_word' id='word_1_111' title='bbox 588 2615 755 2662; x_wconf 87' lang='lat' dir='ltr'>Sabaeis</span> <span class='ocrx_word' id='word_1_112' title='bbox 777 2616 938 2675; x_wconf 88' lang='lat' dir='ltr'>templa</span> <span class='ocrx_word' id='word_1_113' title='bbox 962 2615 1186 2674; x_wconf 86' lang='lat' dir='ltr'>vaporibus</span> <span class='ocrx_word' id='word_1_114' title='bbox 1224 2650 1235 2661; x_wconf 90' lang='lat'><strong>.</strong></span> 
     </span>
    </p>
   </div>
   <div class='ocr_carea' id='block_1_5' title="bbox 378 2742 946 2801">
    <p class='ocr_par' dir='ltr' id='par_1_13' title="bbox 378 2742 946 2801">
     <span class='ocr_line' id='line_1_28' title="bbox 378 2742 946 2801; baseline 0 -15"><span class='ocrx_word' id='word_1_115' title='bbox 378 2742 546 2794; x_wconf 90' lang='lat' dir='ltr'>Grates,</span> <span class='ocrx_word' id='word_1_116' title='bbox 570 2750 740 2800; x_wconf 86' lang='lat' dir='ltr'>peracto</span> <span class='ocrx_word' id='word_1_117' title='bbox 757 2743 851 2801; x_wconf 89' lang='lat' dir='ltr'>jam</span> <span class='ocrx_word' id='word_1_118' title='bbox 875 2743 946 2786; x_wconf 90' lang='lat' dir='ltr'>die</span> 
     </span>
    </p>
   </div>
   <div class='ocr_carea' id='block_1_6' title="bbox 379 2866 1271 3259">
    <p class='ocr_par' dir='ltr' id='par_1_14' title="bbox 379 2866 924 2913">
     <span class='ocr_line' id='line_1_29' title="bbox 379 2866 924 2913; baseline 0 -2"><span class='ocrx_word' id='word_1_119' title='bbox 379 2867 501 2911; x_wconf 89' lang='lat' dir='ltr'>Haec</span> <span class='ocrx_word' id='word_1_120' title='bbox 522 2866 590 2910; x_wconf 87' lang='lat' dir='ltr'>illa</span> <span class='ocrx_word' id='word_1_121' title='bbox 612 2867 810 2913; x_wconf 87' lang='lat' dir='ltr'>solemnis</span> <span class='ocrx_word' id='word_1_122' title='bbox 833 2867 924 2912; x_wconf 88' lang='lat' dir='ltr'>dies</span> 
     </span>
    </p>

    <p class='ocr_par' dir='ltr' id='par_1_15' title="bbox 379 2950 1128 3090">
     <span class='ocr_line' id='line_1_30' title="bbox 379 2950 1128 3010; baseline -0.001 -13"><span class='ocrx_word' id='word_1_123' title='bbox 379 2952 490 3005; x_wconf 88' lang='lat' dir='ltr'>Hoc,</span> <span class='ocrx_word' id='word_1_124' title='bbox 510 2951 621 3009; x_wconf 88' lang='lat' dir='ltr'>jussa</span> <span class='ocrx_word' id='word_1_125' title='bbox 646 2952 865 3010; x_wconf 90' lang='lat' dir='ltr'>quondam</span> <span class='ocrx_word' id='word_1_126' title='bbox 889 2950 1128 3008; x_wconf 83' lang='lat' dir='ltr'>rumpimus</span> 
     </span>
     <span class='ocr_line' id='line_1_31' title="bbox 379 3033 1084 3090; baseline -0.001 -13"><span class='ocrx_word' id='word_1_127' title='bbox 379 3033 539 3078; x_wconf 89' lang='lat' dir='ltr'>Horres</span> <span class='ocrx_word' id='word_1_128' title='bbox 562 3034 775 3090; x_wconf 88' lang='lat' dir='ltr'>superbos,</span> <span class='ocrx_word' id='word_1_129' title='bbox 798 3048 879 3077; x_wconf 88' lang='lat' dir='ltr'>nec</span> <span class='ocrx_word' id='word_1_130' title='bbox 901 3041 1019 3077; x_wconf 90' lang='lat' dir='ltr'><strong>tuam</strong></span> <span class='ocrx_word' id='word_1_131' title='bbox 1074 3066 1084 3076; x_wconf 94' lang='lat'><strong>.</strong></span> 
     </span>
    </p>

    <p class='ocr_par' dir='ltr' id='par_1_16' title="bbox 380 3114 1271 3259">
     <span class='ocr_line' id='line_1_32' title="bbox 380 3114 1223 3173; baseline -0.004 -13"><span class='ocrx_word' id='word_1_132' title='bbox 380 3116 480 3160; x_wconf 90' lang='lat' dir='ltr'>Huc</span> <span class='ocrx_word' id='word_1_133' title='bbox 501 3130 575 3160; x_wconf 87' lang='lat' dir='ltr'>vos</span> <span class='ocrx_word' id='word_1_134' title='bbox 598 3129 626 3158; x_wconf 96' lang='lat' dir='ltr'>o</span> <span class='ocrx_word' id='word_1_135' title='bbox 649 3114 819 3159; x_wconf 85' lang='lat' dir='ltr'>miseri:</span> <span class='ocrx_word' id='word_1_136' title='bbox 856 3115 978 3159; x_wconf 90' lang='lat' dir='ltr'>surda</span> <span class='ocrx_word' id='word_1_137' title='bbox 999 3114 1223 3173; x_wconf 90' lang='lat' dir='ltr'>relinquite</span> 
     </span>
     <span class='ocr_line' id='line_1_33' title="bbox 380 3196 1271 3259; baseline -0.004 -15"><span class='ocrx_word' id='word_1_138' title='bbox 380 3197 570 3259; x_wconf 89' lang='lat' dir='ltr'>Hymnis</span> <span class='ocrx_word' id='word_1_139' title='bbox 593 3196 700 3241; x_wconf 91' lang='lat' dir='ltr'>dum</span> <span class='ocrx_word' id='word_1_140' title='bbox 724 3207 892 3242; x_wconf 89' lang='lat' dir='ltr'>resonat</span> <span class='ocrx_word' id='word_1_141' title='bbox 914 3197 1027 3241; x_wconf 89' lang='lat' dir='ltr'>curia</span> <span class='ocrx_word' id='word_1_142' title='bbox 1050 3196 1271 3242; x_wconf 79' lang='lat' dir='ltr'><strong>Coclitum</strong></span> 
     </span>
    </p>
   </div>
  </div>
 </body>
</html>
