2164 3724
420 245 441 280 1
459 244 532 283 20
895 224 958 289 S.
988 230 1234 308 soannzls·
1273 235 1532 313 Apostoli.

572 383 780 450 Edicto
823 395 1040 455 steriles
1083 398 1280 472 pulsus
1324 403 1382 460 in
1424 405 1638 466 insulas

570 473 719 531 Exul
763 484 898 533 tunc
942 479 1100 536 socio
1143 483 1446 555 perfruitur
1486 488 1651 547 Deo:

573 554 688 613 Hic
730 568 965 615 ventura
1006 561 1174 633 videt,
1219 584 1368 641 quae
1411 570 1635 630 calamo
1677 585 1882 636 notans

738 638 1020 699 Sublustri
1063 646 1272 705 nebula
1315 652 1468 725 tegit.

574 800 666 857 Sic
710 819 818 860 nos
862 803 1122 866 Christus
1166 823 1334 883 amet,
1381 815 1462 872 sic
1506 816 1710 876 doceat
1753 824 1869 896 pati
1887 844 1904 894 3

568 881 991 962 Discamusque
1032 893 1195 963 mori,
1241 895 1420 954 simus
1463 908 1524 955 ut
1567 910 1622 956 et
1665 906 1820 962 necis

571 965 778 1023 Sacrae
819 971 1160 1046 participes:
1220 995 1340 1034 non
1383 980 1504 1037 aliis
1546 992 1703 1056 patet

729 1048 974 1108 Coelum
1019 1056 1459 1119 conditionibus.

561 1208 712 1266 Patri
753 1214 1006 1273 maxima
1047 1218 1186 1289 laus,
1229 1224 1484 1281 maxima
1525 1224 1686 1298 Filio,

559 1291 1001 1372 Amborumque
1045 1318 1210 1358 sacro
1252 1307 1506 1364 maxima
1549 1306 1825 1368 Flamini:

560 1372 726 1431 Haec
770 1388 855 1437 est
898 1389 1051 1437 certa
1095 1383 1256 1455 fides,
1301 1386 1555 1448 fontibus
1600 1410 1632 1449 e
1674 1394 1789 1450 tuis

743 1459 938 1531 Quam
982 1463 1246 1525 divinitus
1290 1468 1600 1530 hausimus,

994 1786 1088 1827 AD
1129 1787 1398 1833 LAUDES.

718 2021 895 2097 Jussu
937 2026 1160 2097 tyranni
1202 2044 1309 2100 pro
1353 2028 1466 2087 fide

719 2103 939 2175 PulsuS‚
982 2105 1260 2181 Joannes,
1304 2112 1536 2170 exulas:

717 2186 917 2242 Fertur
958 2188 1152 2245 volatu
1195 2190 1375 2249 libero

716 2267 890 2326 Mens
932 2269 1084 2327 celsa
1129 2289 1299 2346 supra
1343 2275 1544 2334 sidera.

715 2430 834 2488 Illic
876 2433 1085 2490 revelat
1129 2453 1190 2492 se
1232 2434 1333 2492 tibi

716 2512 833 2582 Qui
875 2524 1133 2573 mortuus
1176 2518 1308 2575 vivit
1350 2518 1531 2590 Deus,

711 2595 917 2668 Agnus
962 2598 1155 2655 saiutis
1198 2599 1399 2670 hostia,

715 2675 786 2732 Et
831 2686 1018 2736 morte
1061 2679 1282 2738 devicta
1324 2683 1431 2740 le0.

711 2840 940 2898 Arcana
980 2851 1037 2899 te
1080 2854 1267 2901 vatem
1312 2846 1480 2904 docet

714 2920 903 2995 Regni
947 2925 1033 2980 sui
1075 2927 1376 3000 mysteria:

714 3001 918 3060 Pandit
962 3025 1161 3064 cruore
1206 3007 1524 3084 Martyrum

711 3081 940 3159 Ubique
985 3091 1368 3163 spargendam
1411 3093 1604 3149 fidem.
