2164 3724
583 215 662 274 In
689 216 853 276 Fas-to
885 216 1153 292 Corporis·
1185 216 1420 276 Chrzletz‘.
1697 236 1811 297 391

379 751 470 810 IN
514 750 777 809 FESTO
824 749 1238 808 CORPORIS
1284 749 1647 810 CHRISTI.

204 965 370 1022 Salve
414 964 561 1021 festa
604 964 743 1034 dies,
787 973 911 1021 toto
954 964 1292 1020 venerabilis
1335 981 1496 1032 aev0,

286 1046 422 1118 Qua
461 1046 625 1103 Deus
667 1045 990 1104 Ecclesiam
1035 1046 1187 1102 dicat
1230 1045 1452 1103 honore
1497 1063 1678 1102 suam.

203 1130 385 1200 Salve,
431 1130 530 1186 dre.

202 1295 357 1352 Ecce
402 1294 524 1352 dies
567 1294 730 1364 laeta,
775 1304 907 1368 post
949 1294 1128 1350 tristia
1171 1302 1380 1349 tartara
1423 1300 1629 1367 spreta,

285 1376 487 1435 Gratia
531 1377 802 1447 succedit,
847 1376 1069 1451 perdita
1111 1377 1226 1432 vita
1269 1375 1428 1432 redit.

203 1460 385 1529 Salve,
429 1460 527 1516 (ize.

205 1625 341 1681 Hoc
386 1643 597 1699 corpus
641 1622 869 1688 Christi,
917 1623 1142 1680 salvans
1187 1622 1259 1679 de
1298 1590 1502 1697 *fimere
1546 1618 1704 1686 tristi,

286 1706 509 1764 Manna
551 1707 828 1780 figuravit,
867 1706 1027 1762 litera
1069 1705 1257 1779 prisca
1300 1705 1469 1761 canit.

203 1789 386 1860 Salve,
429 1790 528 1846 &c

206 1955 342 2011 Hoc
385 1955 626 2010 verbum
657 1951 838 2008 Patris
884 1951 1029 2007 coeli
1073 1951 1350 2008 formator
1393 1960 1450 2008 et
1497 1952 1649 2008 orbis

286 2036 439 2094 Cum
484 2035 650 2091 Patre
695 2044 901 2091 cuncta
944 2044 1097 2091 creat
1141 2043 1196 2090 et
1241 2034 1451 2090 deitate
1495 2035 1642 2091 beat.

205 2120 387 2189 Salve,
433 2120 530 2175 &Q

204 2283 445 2358 Angelis
490 2292 577 2339 est
620 2283 785 2356 panis
830 2299 1059 2338 summa
1101 2279 1315 2336 refecto
1362 2281 1552 2350 sacris,

288 2364 404 2423 Sed
450 2383 624 2422 sensu
666 2364 825 2420 vanis
869 2363 948 2419 nil
991 2362 1139 2419 valet
1184 2363 1289 2420 iste
1332 2364 1515 2437 panis,

208 2449 389 2517 Salve,
435 2448 534 2503 &c

206 2613 340 2669 Hoc
387 2630 595 2686 corpus
640 2629 836 2667 verum
883 2609 1116 2667 firmans
1161 2609 1476 2683 primordia
1518 2629 1727 2673 rerum,

290 2694 479 2751 Infera
523 2693 802 2766 confregit
848 2702 1019 2766 atque
1064 2692 1363 2766 redempta
1406 2694 1565 2767 regit.

210 2777 390 2846 Salve,
435 2777 535 2833 &c

210 2941 470 2998 Laudem
502 2941 866 3015 complacuit,
898 2957 1131 2995 carnem
1163 2939 1284 2996 sine
1308 2939 1529 2997 semine
1551 2940 1814 3014 sumpsit,

291 3024 545 3098 Virginis
589 3033 645 3080 et
689 3024 885 3079 matris
930 3022 1148 3079 viscera
1191 3040 1354 3080 sacra
1395 3022 1592 3097 replet.

212 3106 393 3175 Salve,
438 3107 537 3163 &c
