2164 3724
462 238 569 276 112

835 213 912 271 In
954 210 1395 271 Praesentatione
1435 207 1682 265 Domini.

695 381 950 437 Aeterno
993 377 1063 435 sit
1103 375 1290 432 honor
1331 373 1568 448 lausque
1611 371 1873 428 Parenti:

696 462 816 533 Qui
857 460 1084 536 placare
1127 475 1296 532 paras
1338 455 1568 512 victima
1610 453 1855 522 Patrem,

695 543 971 618 Aequalis
1013 541 1115 598 tibi
1158 540 1228 596 sit
1270 538 1466 613 gloria,
1514 536 1698 593 Nate:

691 627 1019 682 Amborum
1061 621 1258 679 similis
1296 620 1424 676 laus
1469 619 1538 675 sit
1582 617 1778 674 amori.

835 951 926 992 AD
971 946 1299 991 SECUNDAS
1346 942 1668 986 VESPERAS.

688 1181 942 1257 Stupete,
987 1184 1223 1250 gentes3
1282 1173 1344 1229 fit
1385 1171 1547 1229 Deus
1591 1171 1810 1229 hostia:

689 1263 764 1319 Se
809 1268 1015 1336 sponte
1058 1257 1171 1331 legi
1214 1253 1444 1329 Legifer
1487 1254 1736 1328 obligat:

689 1344 864 1402 Orbis
909 1339 1268 1412 Redemptor
1311 1355 1464 1392 nunc
1507 1337 1871 1410 redemptus:

688 1427 879 1501 Seque
922 1423 1041 1498 piat
1085 1421 1206 1478 sine
1249 1419 1378 1475 labe
1420 1427 1618 1474 mater.

683 1591 775 1647 De
819 1606 981 1645 more
1023 1594 1288 1652 matrum,
1333 1582 1517 1655 Virgo
1561 1599 1843 1655 puerpera

686 1671 941 1745 Templo
985 1676 1224 1725 statutos
1269 1663 1540 1722 abstinuit
1584 1663 1723 1719 dies

684 1756 901 1811 Intrare
946 1759 1208 1808 sanctum
1253 1747 1391 1821 quid
1434 1745 1702 1820 pavebas,

682 1838 858 1894 Facta
899 1834 1011 1890 Dei
1053 1831 1212 1906 prius
1255 1831 1382 1902 ipsa
1424 1827 1742 1901 templum?

681 2003 799 2057 Ara
843 1998 950 2055 sub
993 2014 1109 2052 una
1152 2012 1214 2050 se
1256 2000 1422 2048 vovet
1465 1989 1651 2045 hostia

682 2082 956 2156 Triplex:
1015 2078 1297 2133 honorem
1340 2073 1658 2146 virgineum
1703 2070 1961 2124 immolat

680 2166 865 2238 Virgo
909 2160 1194 2226 sacerdOS‚
1238 2173 1413 2231 parva
1454 2153 1641 2209 mollis

681 2246 951 2303 Membra
992 2260 1150 2317 puer,
1197 2239 1498 2311 seniorque
1541 2235 1731 2290 vitam.

678 2411 878 2467 Eheu!
938 2415 1078 2483 quot
1121 2421 1288 2461 enses
1330 2398 1721 2472 transadigent
1763 2405 1923 2451 tuum

677 2493 919 2549 Pectus!
980 2496 1120 2564 quot
1162 2484 1286 2542 altis
1330 2491 1464 2539 nata
1506 2479 1816 2545 doloribuS,

677 2573 734 2631 O
777 2573 995 2647 Virgo!
1055 2569 1251 2640 Quem
1293 2574 1503 2639 gestas,
1549 2570 1840 2618 cruentam

678 2657 909 2712 Imbuet
951 2653 1043 2709 hic
1087 2668 1248 2708 sacer
1290 2649 1496 2720 Agnus
1541 2662 1714 2700 aram.

676 2820 938 2876 Christus
982 2816 1186 2883 futuro,
1232 2827 1440 2884 corpus
1484 2807 1670 2864 adhuc
1714 2815 1887 2872 tener,

676 2900 963 2957 Praeludit
1005 2899 1203 2955 insons
1246 2893 1474 2949 victima
1516 2889 1728 2945 funeri:

676 2982 913 3039 Creseet
937 3001 950 3051 ;
1010 2978 1248 3054 profuso
1291 2975 1371 3030 vir
1415 2990 1631 3038 cruore,

676 3064 871 3121 Omne
915 3063 1100 3119 scelus
1143 3058 1395 3116 moriens
1437 3053 1665 3128 piabit.¹
