2164 3724
466 254 487 290 1
500 252 573 290 02
826 227 903 286 In
943 225 1012 284 F
1004 214 1107 285 esio
1154 221 1416 298 Corporis
1463 221 1694 280 Clzrz'stz’.

787 391 1018 462 Quibus
1063 389 1170 446 sub
1211 388 1351 445 bina
1393 387 1585 461 specie

792 474 1046 532 Carnem
1075 470 1232 528 dedit
1273 479 1330 528 et
1373 470 1748 544 sanguinem3

787 556 871 613 Ut
915 554 1157 630 duplicis
1202 552 1552 610 substantiae

787 639 1013 696 Totum
1056 637 1270 694 cibaret
1312 635 1627 691 hominem.

791 771 866 828 Se
909 787 1155 827 nascens
1199 767 1357 824 dedit
1399 766 1638 834 socium,

792 853 1162 911 Convescens
1206 850 1265 906 in
1307 849 1598 906 edulium:

796 935 872 993 Se
914 934 1167 990 moriens
1210 933 1271 988 in
1311 931 1574 1006 pretium,

799 1018 873 1075 Se
915 1032 1164 1090 regnans
1209 1014 1306 1071 dat
1348 1014 1407 1069 in
1449 1012 1786 1087 praemium.

798 1151 854 1208 O
900 1147 1158 1206 salutaris
1202 1146 1430 1214 Hostia,

799 1232 969 1302 Quae
1014 1229 1159 1286 coeli
1201 1228 1409 1304 pandis
1453 1228 1700 1284 ostium:

800 1314 963 1371 Bella
1003 1320 1272 1387 premunt
1315 1309 1544 1366 hostilia
1562 1328 1576 1378 ;

800 1396 896 1453 Da
937 1396 1127 1464 robur,
1173 1393 1255 1450 fer
1298 1391 1588 1465 auxilium,

804 1529 924 1599 Qui
968 1545 1137 1584 carne
1180 1544 1289 1582 nos
1331 1524 1523 1600 pascis
1566 1532 1677 1591 tua,

806 1611 891 1668 Sit
934 1610 1060 1666 laus
1102 1609 1221 1678 tibi,
1267 1606 1470 1664 Pastor
1512 1606 1682 1673 bone,

805 1693 958 1750 Cum
1002 1692 1169 1748 Patre
1214 1707 1463 1763 cumque
1510 1687 1750 1762 Spiritu,-

806 1776 877 1831 In
921 1775 1269 1849 sempiterna
1312 1771 1519 1828 secula.

873 2017 964 2058 AD
1009 2013 1332 2056 SECUNDAS
1379 2010 1702 2052 VESPERAS.

808 2129 1024 2209 Pange,
1068 2135 1278 2207 lingua,
1324 2132 1558 2205 gloriosi

813 2217 1089 2292 Corporis
1132 2215 1483 2289 mysterium,

814 2299 1237 2373 Sanguinisque
1279 2297 1513 2371 pretiosi

814 2382 1012 2453 Quem
1055 2381 1112 2436 in
1154 2379 1356 2435 mundi
1399 2378 1660 2452 pretium,

816 2466 1057 2521 Fructus
1100 2461 1307 2518 ventris
1351 2460 1633 2534 generosi,

815 2547 946 2603 Rex
991 2545 1189 2625 effudit
1232 2543 1507 2617 gentium.

816 2679 1003 2736 Nobis
1047 2678 1229 2745 datus,
1275 2676 1444 2732 nobis
1487 2684 1653 2731 natus

817 2763 907 2817 Ex
951 2762 1160 2817 intacta
1203 2758 1458 2832 Virgine,

819 2844 894 2899 Et
936 2844 995 2898 in
1037 2841 1258 2898 mundo
1303 2847 1686 2905 conversatus),

822 2926 1036 2999 Sparso
1078 2924 1235 2980 verbi
1279 2923 1512 2989 semine,

825 3007 923 3062 Sui
966 3025 1158 3063 moras
1202 3004 1480 3061 incolatus

823 3088 975 3144 Miro
1021 3088 1219 3145 clausit
1243 3087 1478 3143 ordine.
