2164 3724
583 234 847 309 Hymnus
885 236 949 292 xz’n
994 233 1200 311 Vzgrazzz
1227 232 1499 292 Paschae.
1709 201 1848 309 '393

236 385 412 443 Filius
455 385 547 444 ille
589 386 780 447 David
823 386 922 462 qui
965 404 1074 444 nos
1119 387 1226 444 sibi
1270 386 1638 457 consociavit,
1727 396 1730 397 ’

238 467 556 609 5212?ch
597 479 780 528 matre
823 470 1004 526 domo
1049 478 1105 526 et
1147 468 1312 526 Deus
1355 478 1443 527 est
1486 478 1545 527 et
1587 468 1786 526 homo,
1872 498 1879 507 =

405 597 420 621 ,
553 597 565 609 .

224 715 466 790 Copula
509 717 773 774 coelestis
817 733 920 773 vos
966 715 1326 790 spiritualiter
1370 717 1527 786 estis,

321 798 382 855 Si
426 798 707 856 servando
751 798 928 856 fidem
972 816 1100 856 esse
1145 799 1325 856 velitis
1370 799 1543 856 idern.

234 880 418 951 Salve,
463 883 563 938 διο.

237 1044 393 1102 Urbs
434 1063 586 1102 nova
628 1043 997 1102 Hierusalem
1042 1045 1404 1102 descendens
1449 1043 1803 1119 spiritualem

314 1127 518 1184 Attulit
561 1136 828 1184 ornatum
872 1128 1012 1185 lucis
1058 1129 1131 1184 ab
1176 1146 1305 1185 arce
1349 1129 1562 1184 datum.

195 1263 203 1269 „
236 1210 418 1280 Salve,
464 1212 563 1267 &o
1543 1209 1546 1211 ’

234 1375 392 1432 Hinc
437 1374 570 1431 fidei
614 1373 863 1432 fructum
909 1393 1072 1431 sacro
1116 1376 1463 1450 baptismate
1507 1374 1745 1431 ductum

313 1457 431 1514 Dat
475 1456 605 1514 Rex
645 1458 896 1533 justitiae
941 1458 1179 1514 coelitus
1223 1457 1533 1515 Ecclesiae.

236 1539 420 1610 Salve,
465 1541 564 1599 &a

229 1705 426 1762 Firma
466 1703 655 1762 David
699 1706 882 1774 turris,
928 1704 1040 1760 huc
1086 1705 1132 1761 si
1176 1703 1325 1778 pede
1370 1713 1605 1779 perpete
1649 1704 1847 1771 curris,

314 1787 582 1845 Invenies
626 1788 685 1843 in
729 1807 798 1844 ea
841 1788 1088 1861 pignora
1131 1787 1367 1843 siderea.

232 1870 415 1940 Salve,
461 1872 560 1927 &o

229 2035 396 2092 Haec
441 2045 526 2092 est
571 2053 702 2092 arca
746 2034 858 2090 Dei
903 2033 1267 2091 credentibus
1313 2033 1651 2098 auxiliatrix,

230 2199 268 2256 S
308 2117 504 2256 pua}
509 2117 661 2174 vehit
698 2118 771 2174 ad
807 2126 1038 2191 portum
1077 2135 1224 2191 quos
1266 2116 1417 2173 vehit
1456 2116 1614 2173 unda
1647 2116 1843 2172 maris,

273 2218 306 2256 a
327 2219 411 2271 ve,
510 2219 557 2257 c.

384 2498 741 2557 HYMNUS
787 2498 877 2554 IN
922 2497 1245 2555 VIGILIA
1291 2497 1687 2556 PASCHAE.

684 2647 721 2689 E
755 2646 1061 2692 Processionali
1096 2646 1370 2692 Eboracensi.

308 2770 580 2826 Inventor
623 2765 772 2821 rutili
816 2764 951 2819 Dux
996 2765 1150 2820 bone
1192 2763 1443 2827 luminiS,

308 2850 426 2922 Qui
470 2849 636 2906 certis
680 2847 896 2903 vicibus
940 2856 1205 2920 tempora
1254 2845 1477 2915 dividis,

308 2934 506 2989 Merso
552 2931 672 2988 sole
717 2929 894 2986 chaos
938 2929 1147 3001 ingruit
1190 2928 1514 2996 horridum,

309 3016 537 3072 Lumen
580 3012 756 3069 redde
799 3011 911 3067 tuis
956 3009 1181 3068 Christe
1227 3011 1509 3070 fidelibus.

470 3122 743 3178 Inventor
772 3119 936 3188 rutili,
981 3119 1081 3174 &o
