<?xml version="1.0" encoding="UTF-8"?>
<!DOCTYPE html PUBLIC "-//W3C//DTD XHTML 1.0 Transitional//EN"
    "http://www.w3.org/TR/xhtml1/DTD/xhtml1-transitional.dtd">
<html xmlns="http://www.w3.org/1999/xhtml" xml:lang="en" lang="en">
 <head>
  <title>
</title>
<meta http-equiv="Content-Type" content="text/html;charset=utf-8" />
  <meta name='ocr-system' content='tesseract 3.04.00' />
  <meta name='ocr-capabilities' content='ocr_page ocr_carea ocr_par ocr_line ocrx_word'/>
</head>
<body>
  <div class='ocr_page' id='page_1' title='image "./hymniecc00newmuoft_0025.png"; bbox 0 0 2274 3796; ppageno 0'>
   <div class='ocr_carea' id='block_1_1' title="bbox 827 324 1140 386">
    <p class='ocr_par' dir='ltr' id='par_1_1' title="bbox 827 324 1140 386">
     <span class='ocr_line' id='line_1_1' title="bbox 827 324 1140 386; baseline 0.006 -4"><span class='ocrx_word' id='word_1_1' title='bbox 827 324 1140 386; x_wconf 73' lang='lat' dir='ltr'>Domim&#39;ca.</span> 
     </span>
    </p>
   </div>
   <div class='ocr_carea' id='block_1_2' title="bbox 513 490 1376 814">
    <p class='ocr_par' dir='ltr' id='par_1_2' title="bbox 513 490 1376 814">
     <span class='ocr_line' id='line_1_2' title="bbox 515 490 1195 561; baseline 0.009 -15"><span class='ocrx_word' id='word_1_2' title='bbox 515 490 634 561; x_wconf 85' lang='lat' dir='ltr'>Qui</span> <span class='ocrx_word' id='word_1_3' title='bbox 677 491 924 550; x_wconf 87' lang='lat' dir='ltr'>caritatis</span> <span class='ocrx_word' id='word_1_4' title='bbox 967 494 1195 552; x_wconf 92' lang='lat' dir='ltr'>vinculo</span> 
     </span>
     <span class='ocr_line' id='line_1_3' title="bbox 516 572 1376 650; baseline 0.008 -21"><span class='ocrx_word' id='word_1_5' title='bbox 516 573 670 630; x_wconf 89' lang='lat' dir='ltr'>Cum</span> <span class='ocrx_word' id='word_1_6' title='bbox 714 572 881 631; x_wconf 88' lang='lat' dir='ltr'>Patre</span> <span class='ocrx_word' id='word_1_7' title='bbox 924 576 1107 634; x_wconf 87' lang='lat' dir='ltr'>nectis</span> <span class='ocrx_word' id='word_1_8' title='bbox 1151 576 1376 650; x_wconf 82' lang='lat' dir='ltr'>Filium,</span> 
     </span>
     <span class='ocr_line' id='line_1_4' title="bbox 515 655 1230 717; baseline 0.008 -6"><span class='ocrx_word' id='word_1_9' title='bbox 515 655 591 712; x_wconf 91' lang='lat' dir='ltr'>Et</span> <span class='ocrx_word' id='word_1_10' title='bbox 633 673 742 713; x_wconf 91' lang='lat' dir='ltr'>nos</span> <span class='ocrx_word' id='word_1_11' title='bbox 787 657 1002 714; x_wconf 88' lang='lat' dir='ltr'>amoris</span> <span class='ocrx_word' id='word_1_12' title='bbox 1045 661 1230 717; x_wconf 91' lang='lat' dir='ltr'>mutui</span> 
     </span>
     <span class='ocr_line' id='line_1_5' title="bbox 513 739 1258 814; baseline 0.009 -19"><span class='ocrx_word' id='word_1_13' title='bbox 513 739 702 796; x_wconf 88' lang='lat' dir='ltr'>Arctis</span> <span class='ocrx_word' id='word_1_14' title='bbox 745 748 955 814; x_wconf 88' lang='lat' dir='ltr'>coapta</span> <span class='ocrx_word' id='word_1_15' title='bbox 997 742 1258 802; x_wconf 78' lang='lat' dir='ltr'><strong>nexibus,</strong></span> 
     </span>
    </p>
   </div>
   <div class='ocr_carea' id='block_1_3' title="bbox 513 871 1484 1197">
    <p class='ocr_par' dir='ltr' id='par_1_3' title="bbox 514 871 1197 1030">
     <span class='ocr_line' id='line_1_6' title="bbox 514 871 1197 950; baseline 0.009 -22"><span class='ocrx_word' id='word_1_16' title='bbox 514 871 644 930; x_wconf 92' lang='lat' dir='ltr'>Deo</span> <span class='ocrx_word' id='word_1_17' title='bbox 688 872 840 930; x_wconf 88' lang='lat' dir='ltr'>Patri</span> <span class='ocrx_word' id='word_1_18' title='bbox 883 874 955 932; x_wconf 91' lang='lat' dir='ltr'>sit</span> <span class='ocrx_word' id='word_1_19' title='bbox 998 874 1197 950; x_wconf 86' lang='lat' dir='ltr'>gloria,</span> 
     </span>
     <span class='ocr_line' id='line_1_7' title="bbox 516 954 1137 1030; baseline 0.006 -19"><span class='ocrx_word' id='word_1_20' title='bbox 516 954 778 1030; x_wconf 88' lang='lat' dir='ltr'>Ejusque</span> <span class='ocrx_word' id='word_1_21' title='bbox 823 957 930 1014; x_wconf 91' lang='lat' dir='ltr'>soli</span> <span class='ocrx_word' id='word_1_22' title='bbox 973 957 1137 1029; x_wconf 91' lang='lat' dir='ltr'>Filio,</span> 
     </span>
    </p>

    <p class='ocr_par' dir='ltr' id='par_1_4' title="bbox 513 1037 1484 1197">
     <span class='ocr_line' id='line_1_8' title="bbox 515 1037 1392 1117; baseline 0.007 -23"><span class='ocrx_word' id='word_1_23' title='bbox 515 1037 728 1096; x_wconf 87' lang='lat' dir='ltr'>Sancto</span> <span class='ocrx_word' id='word_1_24' title='bbox 771 1038 941 1096; x_wconf 88' lang='lat' dir='ltr'>simul</span> <span class='ocrx_word' id='word_1_25' title='bbox 983 1059 1118 1098; x_wconf 89' lang='lat' dir='ltr'>cum</span> <span class='ocrx_word' id='word_1_26' title='bbox 1163 1041 1392 1117; x_wconf 88' lang='lat' dir='ltr'>Spiritu,</span> 
     </span>
     <span class='ocr_line' id='line_1_9' title="bbox 513 1119 1484 1197; baseline 0.009 -21"><span class='ocrx_word' id='word_1_27' title='bbox 513 1119 702 1191; x_wconf 87' lang='lat' dir='ltr'>Nune,</span> <span class='ocrx_word' id='word_1_28' title='bbox 749 1131 804 1179; x_wconf 89' lang='lat' dir='ltr'>et</span> <span class='ocrx_word' id='word_1_29' title='bbox 846 1141 949 1197; x_wconf 90' lang='lat' dir='ltr'>per</span> <span class='ocrx_word' id='word_1_30' title='bbox 991 1141 1167 1182; x_wconf 89' lang='lat' dir='ltr'>omne</span> <span class='ocrx_word' id='word_1_31' title='bbox 1209 1126 1484 1185; x_wconf 85' lang='lat' dir='ltr'>seculum.</span> 
     </span>
    </p>
   </div>
   <div class='ocr_carea' id='block_1_4' title="bbox 699 1285 1289 1461">
    <p class='ocr_par' dir='ltr' id='par_1_5' title="bbox 699 1285 1289 1461">
     <span class='ocr_line' id='line_1_10' title="bbox 699 1285 1289 1347; baseline 0.01 -6"><span class='ocrx_word' id='word_1_32' title='bbox 699 1285 819 1342; x_wconf 84' lang='lat' dir='ltr'>Per</span> <span class='ocrx_word' id='word_1_33' title='bbox 862 1286 1289 1347; x_wconf 78' lang='lat' dir='ltr'>Hebdomadam.</span> 
     </span>
     <span class='ocr_line' id='line_1_11' title="bbox 784 1418 1202 1461; baseline 0.007 -3"><span class='ocrx_word' id='word_1_34' title='bbox 784 1419 875 1459; x_wconf 88' lang='lat' dir='ltr'>AD</span> <span class='ocrx_word' id='word_1_35' title='bbox 919 1418 1202 1461; x_wconf 84' lang='lat' dir='ltr'><strong>SEXTAM.</strong></span> 
     </span>
    </p>
   </div>
   <div class='ocr_carea' id='block_1_5' title="bbox 514 1522 1379 1847">
    <p class='ocr_par' dir='ltr' id='par_1_6' title="bbox 514 1522 1379 1847">
     <span class='ocr_line' id='line_1_12' title="bbox 514 1522 1376 1601; baseline 0.006 -22"><span class='ocrx_word' id='word_1_36' title='bbox 514 1522 648 1597; x_wconf 91' lang='lat' dir='ltr'>Jam</span> <span class='ocrx_word' id='word_1_37' title='bbox 693 1524 828 1581; x_wconf 90' lang='lat' dir='ltr'>solis</span> <span class='ocrx_word' id='word_1_38' title='bbox 873 1525 1167 1583; x_wconf 82' lang='lat' dir='ltr'>excelsum</span> <span class='ocrx_word' id='word_1_39' title='bbox 1206 1526 1376 1601; x_wconf 87' lang='lat' dir='ltr'>jubar</span> 
     </span>
     <span class='ocr_line' id='line_1_13' title="bbox 518 1605 1278 1679; baseline 0.005 -18"><span class='ocrx_word' id='word_1_40' title='bbox 518 1605 676 1662; x_wconf 87' lang='lat' dir='ltr'>Toto</span> <span class='ocrx_word' id='word_1_41' title='bbox 721 1618 982 1664; x_wconf 84' lang='lat' dir='ltr'>coruscat</span> <span class='ocrx_word' id='word_1_42' title='bbox 1025 1608 1278 1679; x_wconf 82' lang='lat' dir='ltr'>lumine3</span> 
     </span>
     <span class='ocr_line' id='line_1_14' title="bbox 519 1687 1379 1764; baseline 0.007 -21"><span class='ocrx_word' id='word_1_43' title='bbox 519 1687 804 1762; x_wconf 85' lang='lat' dir='ltr'>Sinusque</span> <span class='ocrx_word' id='word_1_44' title='bbox 848 1689 1111 1764; x_wconf 91' lang='lat' dir='ltr'>pandens</span> <span class='ocrx_word' id='word_1_45' title='bbox 1155 1709 1379 1762; x_wconf 88' lang='lat' dir='ltr'>aureos,</span> 
     </span>
     <span class='ocr_line' id='line_1_15' title="bbox 518 1771 1208 1847; baseline 0.007 -22"><span class='ocrx_word' id='word_1_46' title='bbox 518 1771 706 1844; x_wconf 76' lang='lat' dir='ltr'>ignita</span> <span class='ocrx_word' id='word_1_47' title='bbox 748 1772 930 1829; x_wconf 82' lang='lat' dir='ltr'>vibrat</span> <span class='ocrx_word' id='word_1_48' title='bbox 973 1774 1208 1847; x_wconf 90' lang='lat' dir='ltr'>spicula.</span> 
     </span>
    </p>
   </div>
   <div class='ocr_carea' id='block_1_6' title="bbox 517 1901 1601 2227">
    <p class='ocr_par' dir='ltr' id='par_1_7' title="bbox 518 1901 1601 2060">
     <span class='ocr_line' id='line_1_16' title="bbox 518 1901 1601 1981; baseline 0.01 -23"><span class='ocrx_word' id='word_1_49' title='bbox 518 1901 630 1971; x_wconf 89' lang='lat' dir='ltr'>Tu,</span> <span class='ocrx_word' id='word_1_50' title='bbox 677 1902 919 1974; x_wconf 84' lang='lat' dir='ltr'>Christe,</span> <span class='ocrx_word' id='word_1_51' title='bbox 965 1907 1063 1980; x_wconf 91' lang='lat' dir='ltr'>qui</span> <span class='ocrx_word' id='word_1_52' title='bbox 1106 1909 1392 1965; x_wconf 88' lang='lat' dir='ltr'>mundum</span> <span class='ocrx_word' id='word_1_53' title='bbox 1435 1929 1601 1981; x_wconf 87' lang='lat' dir='ltr'>nova,</span> 
     </span>
     <span class='ocr_line' id='line_1_17' title="bbox 519 1984 1341 2060; baseline 0.009 -19"><span class='ocrx_word' id='word_1_54' title='bbox 519 1984 618 2042; x_wconf 87' lang='lat' dir='ltr'>Sol</span> <span class='ocrx_word' id='word_1_55' title='bbox 661 2004 841 2055; x_wconf 90' lang='lat' dir='ltr'>verus,</span> <span class='ocrx_word' id='word_1_56' title='bbox 889 1988 1156 2046; x_wconf 83' lang='lat' dir='ltr'>accendis</span> <span class='ocrx_word' id='word_1_57' title='bbox 1199 1989 1341 2060; x_wconf 87' lang='lat' dir='ltr'>face,</span> 
     </span>
    </p>

    <p class='ocr_par' dir='ltr' id='par_1_8' title="bbox 517 2067 1421 2227">
     <span class='ocr_line' id='line_1_18' title="bbox 517 2067 1392 2146; baseline 0.01 -24"><span class='ocrx_word' id='word_1_58' title='bbox 517 2067 631 2124; x_wconf 88' lang='lat' dir='ltr'>Fac</span> <span class='ocrx_word' id='word_1_59' title='bbox 675 2078 871 2126; x_wconf 83' lang='lat' dir='ltr'>nostra</span> <span class='ocrx_word' id='word_1_60' title='bbox 913 2070 1146 2146; x_wconf 84' lang='lat' dir='ltr'>plenam</span> <span class='ocrx_word' id='word_1_61' title='bbox 1190 2074 1392 2131; x_wconf 87' lang='lat' dir='ltr'>caritas</span> 
     </span>
     <span class='ocr_line' id='line_1_19' title="bbox 518 2149 1421 2227; baseline 0.01 -22"><span class='ocrx_word' id='word_1_62' title='bbox 518 2149 849 2209; x_wconf 89' lang='lat' dir='ltr'>Crescendo</span> <span class='ocrx_word' id='word_1_63' title='bbox 894 2163 1089 2227; x_wconf 83' lang='lat' dir='ltr'>surgat</span> <span class='ocrx_word' id='word_1_64' title='bbox 1132 2156 1206 2212; x_wconf 90' lang='lat' dir='ltr'>ad</span> <span class='ocrx_word' id='word_1_65' title='bbox 1251 2157 1421 2214; x_wconf 90' lang='lat' dir='ltr'>diem.</span> 
     </span>
    </p>
   </div>
   <div class='ocr_carea' id='block_1_7' title="bbox 516 2285 1486 2609">
    <p class='ocr_par' dir='ltr' id='par_1_9' title="bbox 516 2285 1196 2443">
     <span class='ocr_line' id='line_1_20' title="bbox 516 2285 1196 2362; baseline 0.006 -21"><span class='ocrx_word' id='word_1_66' title='bbox 516 2285 646 2342; x_wconf 86' lang='lat' dir='ltr'>Deo</span> <span class='ocrx_word' id='word_1_67' title='bbox 691 2286 842 2343; x_wconf 87' lang='lat' dir='ltr'>Patri</span> <span class='ocrx_word' id='word_1_68' title='bbox 886 2289 957 2344; x_wconf 89' lang='lat' dir='ltr'>sit</span> <span class='ocrx_word' id='word_1_69' title='bbox 999 2289 1196 2362; x_wconf 83' lang='lat' dir='ltr'>gloria,</span> 
     </span>
     <span class='ocr_line' id='line_1_21' title="bbox 516 2368 1128 2443; baseline 0.007 -20"><span class='ocrx_word' id='word_1_70' title='bbox 516 2368 774 2443; x_wconf 86' lang='lat' dir='ltr'>Ejusque</span> <span class='ocrx_word' id='word_1_71' title='bbox 818 2370 924 2426; x_wconf 78' lang='lat' dir='ltr'>soli</span> <span class='ocrx_word' id='word_1_72' title='bbox 968 2371 1128 2441; x_wconf 85' lang='lat' dir='ltr'>Filio,</span> 
     </span>
    </p>

    <p class='ocr_par' dir='ltr' id='par_1_10' title="bbox 518 2449 1486 2609">
     <span class='ocr_line' id='line_1_22' title="bbox 519 2449 1395 2529; baseline 0.007 -23"><span class='ocrx_word' id='word_1_73' title='bbox 519 2449 731 2507; x_wconf 84' lang='lat' dir='ltr'>Sancto</span> <span class='ocrx_word' id='word_1_74' title='bbox 777 2452 946 2508; x_wconf 90' lang='lat' dir='ltr'>simul</span> <span class='ocrx_word' id='word_1_75' title='bbox 989 2473 1123 2510; x_wconf 89' lang='lat' dir='ltr'>cum</span> <span class='ocrx_word' id='word_1_76' title='bbox 1170 2454 1395 2529; x_wconf 85' lang='lat' dir='ltr'>Spiritu,</span> 
     </span>
     <span class='ocr_line' id='line_1_23' title="bbox 518 2532 1486 2609; baseline 0.007 -21"><span class='ocrx_word' id='word_1_77' title='bbox 518 2532 706 2601; x_wconf 86' lang='lat' dir='ltr'>Nunc,</span> <span class='ocrx_word' id='word_1_78' title='bbox 752 2544 808 2590; x_wconf 92' lang='lat' dir='ltr'>et</span> <span class='ocrx_word' id='word_1_79' title='bbox 850 2553 953 2609; x_wconf 89' lang='lat' dir='ltr'>per</span> <span class='ocrx_word' id='word_1_80' title='bbox 996 2555 1170 2593; x_wconf 87' lang='lat' dir='ltr'>omne</span> <span class='ocrx_word' id='word_1_81' title='bbox 1215 2538 1486 2595; x_wconf 86' lang='lat' dir='ltr'>seculum.</span> 
     </span>
    </p>
   </div>
   <div class='ocr_carea' id='block_1_8' title="bbox 702 2714 1292 2893">
    <p class='ocr_par' dir='ltr' id='par_1_11' title="bbox 702 2714 1292 2893">
     <span class='ocr_line' id='line_1_24' title="bbox 702 2714 1292 2776; baseline 0.01 -6"><span class='ocrx_word' id='word_1_82' title='bbox 702 2714 822 2772; x_wconf 81' lang='lat' dir='ltr'>Per</span> <span class='ocrx_word' id='word_1_83' title='bbox 864 2716 1292 2776; x_wconf 81' lang='lat' dir='ltr'>Hebdomadam.</span> 
     </span>
     <span class='ocr_line' id='line_1_25' title="bbox 800 2848 1194 2893; baseline 0.013 -5"><span class='ocrx_word' id='word_1_84' title='bbox 800 2848 890 2888; x_wconf 90' lang='lat' dir='ltr'>AD</span> <span class='ocrx_word' id='word_1_85' title='bbox 935 2849 1194 2893; x_wconf 83' lang='lat' dir='ltr'>NONAM.</span> 
     </span>
    </p>
   </div>
   <div class='ocr_carea' id='block_1_9' title="bbox 521 2949 1388 3282">
    <p class='ocr_par' dir='ltr' id='par_1_12' title="bbox 521 2949 1388 3282">
     <span class='ocr_line' id='line_1_26' title="bbox 522 2949 1308 3027; baseline 0.01 -22"><span class='ocrx_word' id='word_1_86' title='bbox 522 2949 779 3008; x_wconf 89' lang='lat' dir='ltr'>Labente</span> <span class='ocrx_word' id='word_1_87' title='bbox 820 2953 942 3027; x_wconf 81' lang='lat' dir='ltr'>jain</span> <span class='ocrx_word' id='word_1_88' title='bbox 989 2955 1124 3012; x_wconf 87' lang='lat' dir='ltr'>solis</span> <span class='ocrx_word' id='word_1_89' title='bbox 1168 2965 1308 3024; x_wconf 89' lang='lat' dir='ltr'>rota,</span> 
     </span>
     <span class='ocr_line' id='line_1_27' title="bbox 521 3032 1342 3108; baseline 0.01 -21"><span class='ocrx_word' id='word_1_90' title='bbox 521 3032 762 3090; x_wconf 87' lang='lat' dir='ltr'>Inclinat</span> <span class='ocrx_word' id='word_1_91' title='bbox 806 3036 864 3090; x_wconf 89' lang='lat' dir='ltr'>in</span> <span class='ocrx_word' id='word_1_92' title='bbox 907 3047 1139 3094; x_wconf 87' lang='lat' dir='ltr'>noctem</span> <span class='ocrx_word' id='word_1_93' title='bbox 1182 3038 1342 3108; x_wconf 84' lang='lat' dir='ltr'>dies;</span> 
     </span>
     <span class='ocr_line' id='line_1_28' title="bbox 524 3114 1303 3193; baseline 0.01 -23"><span class='ocrx_word' id='word_1_94' title='bbox 524 3114 616 3171; x_wconf 85' lang='lat' dir='ltr'>Sic</span> <span class='ocrx_word' id='word_1_95' title='bbox 662 3117 774 3173; x_wconf 90' lang='lat' dir='ltr'>vita</span> <span class='ocrx_word' id='word_1_96' title='bbox 817 3135 1146 3193; x_wconf 89' lang='lat' dir='ltr'>supremam</span> <span class='ocrx_word' id='word_1_97' title='bbox 1190 3122 1303 3178; x_wconf 90' lang='lat' dir='ltr'>cito</span> 
     </span>
     <span class='ocr_line' id='line_1_29' title="bbox 522 3197 1388 3282; baseline 0.009 -30"><span class='ocrx_word' id='word_1_98' title='bbox 522 3197 774 3256; x_wconf 82' lang='lat' dir='ltr'>Festinat</span> <span class='ocrx_word' id='word_1_99' title='bbox 817 3201 891 3258; x_wconf 90' lang='lat' dir='ltr'>ad</span> <span class='ocrx_word' id='word_1_100' title='bbox 933 3213 1149 3259; x_wconf 89' lang='lat' dir='ltr'>metam</span> <span class='ocrx_word' id='word_1_101' title='bbox 1189 3203 1388 3282; x_wconf 79' lang='lat' dir='ltr'>gradU.</span> 
     </span>
    </p>
   </div>
  </div>
 </body>
</html>
