2164 3724
481 182 590 235 160

902 179 979 235 In
1038 178 1199 254 Vzgz'l.
1250 135 1508 238 Omnium
1551 181 1663 241 SS.

797 348 918 419 Qui
961 366 1070 406 nos
1114 359 1369 420 coronat,
1415 350 1539 408 laus
1583 351 1752 421 Patri,
1808 377 1824 388 ·

794 430 966 500 Laus,
1013 431 1112 506 qui
1154 432 1412 503 redemit,
1458 433 1604 490 Filio
1622 453 1637 503 ;

799 512 973 569 Alma
1012 514 1217 588 juvans
1261 532 1370 571 nos
1413 515 1645 588 gratia,'

805 593 889 650 Sit
933 613 1037 669 par
1079 596 1181 652 tibi
1226 597 1366 666 laus,
1415 596 1674 671 Spiritus.

1076 959 1167 1001 AD
1211 959 1480 1002 LAUDES.

791 1155 1089 1223 Coelestis,
1137 1154 1192 1212 O
1235 1154 1571 1230 Jerusalem,

790 1237 1069 1294 Mansura
1113 1256 1342 1311 semper
1385 1239 1600 1308 civitas,

793 1320 847 1377 O
892 1330 977 1376 ter
1020 1320 1187 1389 beati,
1235 1338 1382 1394 quos
1426 1321 1537 1378 tuis

790 1401 958 1459 Cives
1001 1401 1267 1459 recondis
1311 1403 1653 1461 moenibus!

790 1567 886 1623 Tu
928 1567 1088 1641 pacis
1133 1576 1395 1622 aeternae
1441 1567 1666 1635 domus,

790 1650 1013 1705 Dilecta
1059 1649 1402 1705 Sanctorum
1447 1649 1627 1723 quieS‚

790 1732 968 1788 Sedes
1014 1731 1145 1787 Deo
1188 1731 1513 1799 fruentium,

791 1814 968 1887 Regis
1014 1813 1245 1887 superni
1289 1814 1461 1869 curia.

790 1978 904 2033 Hic
950 1978 1007 2032 in
1050 1977 1258 2033 throno
1303 1976 1512 2034 sedens
1557 1976 1719 2033 Deus

787 2061 1044 2116 Cunctos
1087 2060 1220 2115 beat
1263 2059 1621 2132 praesentia:

788 2142 901 2198 Hic
947 2142 1032 2198 sol
1075 2142 1359 2215 perennis,
1407 2141 1712 2215 splendido

787 2225 1042 2298 Affulget
1084 2224 1291 2297 Agnus
1336 2223 1566 2279 lumine.

783 2389 915 2445 Hac
960 2388 1115 2456 sede,
1163 2406 1279 2462 quo
1324 2388 1488 2444 datur
1532 2386 1638 2441 frui

785 2471 881 2526 Nil
926 2470 1091 2526 dulce
1135 2471 1322 2525 turbat
1366 2470 1579 2526 otium:

784 2553 899 2609 Hie
943 2571 1092 2609 unus
1137 2562 1222 2608 est
1268 2552 1492 2608 Sanctis
1538 2550 1698 2606 labor

783 2635 891 2691 Dei
937 2653 1135 2690 vacare
1181 2634 1462 2691 laudibus.

783 2798 918 2855 Huc
963 2808 1116 2855 certa
1159 2817 1266 2854 nos
1312 2816 1444 2871 spes
1492 2805 1706 2861 evocat,

786 2880 916 2936 Huc
962 2891 1092 2936 vota
1136 2880 1371 2936 tendant
1415 2879 1639 2934 omnia:

782 2962 905 3018 Nec
951 2971 1154 3018 terreat
1196 2963 1382 3018 brevis
1427 2962 1624 3016 labor:

783 3045 1028 3100 Aeterna
1072 3062 1219 3118 quos
1263 3062 1483 3100 merces
1527 3050 1736 3097 manet.
