2164 3724
519 202 632 252 290
858 180 934 238 In
975 179 1327 237 Dedicatz'one
1369 178 1434 249 S.
1463 179 1780 240 llffz'chaelz's.

1112 563 1202 604 AD
1246 563 1516 606 LAUDES.

681 761 924 830 Christe,
970 769 1302 818 sanctorum
1348 761 1524 819 decus
1570 761 1923 836 angelorum,

680 844 885 901 Gentis
930 842 1218 902 humanae
1264 842 1432 900 Sator
1476 854 1531 900 et
1575 843 1953 920 Redemptor,

681 925 970 983 Coelitum
1013 926 1182 983 nobis
1227 925 1443 982 tribuas
1487 927 1686 984 beatas

757 1060 763 1067 .
842 1007 1129 1064 Scandere
1175 1007 1359 1065 sedes.

679 1173 939 1247 Angelus
983 1172 1141 1246 pacis
1186 1171 1437 1229 Micha'e‘l
1479 1173 1539 1227 in
1582 1172 1755 1229 aedes

678 1254 934 1311 Coelitus
977 1262 1201 1311 nostras
1245 1253 1470 1310 veniat:
1531 1272 1765 1311 serenae

675 1337 896 1393 Auctor
938 1346 1000 1391 ut
1042 1335 1202 1413 pacis
1246 1335 1570 1409 lacrymosa
1612 1337 1672 1392 in
1715 1355 1918 1393 orcum

839 1418 999 1475 Bella
1040 1419 1271 1492 releget.

678 1583 937 1658 Angelus
982 1582 1141 1639 fortis
1188 1581 1439 1652 Gabriel,
1486 1591 1547 1638 ut
1590 1582 1785 1640 hostes
1847 1604 1873 1608 ’·

681 1666 859 1722 Pellat
905 1666 1188 1739 antiquos,
1235 1673 1291 1720 et
1334 1665 1519 1722 amica
1563 1665 1744 1733 coelo,

680 1748 848 1818 Quae
891 1746 1270 1822 triumphator
1314 1748 1507 1803 statuit
1549 1765 1652 1822 per
1697 1749 1915 1817 orbem,

842 1829 1092 1904 Templa
1134 1829 1355 1885 revisat.

681 1994 937 2068 Angelus
981 2003 1211 2050 nostrae
1254 1993 1514 2048 medicus
1560 1993 1754 2049 salutis

675 2077 846 2133 Adsit
894 2095 925 2132 e
971 2077 1135 2132 coelo
1180 2074 1459 2148 Raphae‘l,
1505 2084 1566 2130 ut
1609 2093 1813 2131 omnes

680 2159 854 2214 Sanet
899 2167 1182 2232 aegrotos,
1229 2157 1551 2231 dubiosque
1592 2158 1737 2213 vitae

838 2241 1062 2315 Dirigat
1106 2249 1281 2296 actus.

674 2406 856 2479 Virgo
902 2405 1018 2460 dux
1061 2404 1237 2479 pacis,
1282 2403 1645 2477 genitrixque
1689 2403 1847 2471 luciS‚

679 2489 749 2544 Et
794 2506 953 2544 sacer
996 2486 1166 2543 nobis
1211 2485 1419 2543 chorus
1463 2485 1800 2559 angelorum

679 2571 920 2646 Semper
964 2569 1205 2637 assistat,
1251 2568 1420 2625 simul
1464 2577 1518 2623 et
1560 2568 1823 2623 micantis

838 2651 1025 2724 Regia
1069 2650 1230 2707 coeli.

675 2816 929 2872 Praestet
973 2815 1084 2872 hoc
1127 2814 1294 2871 nobis
1338 2813 1538 2870 Deitas
1581 2814 1749 2868 beata

678 2899 876 2967 Patris,
922 2916 987 2954 ac
1033 2897 1184 2961 Nati,
1230 2896 1552 2972 pariterque
1598 2894 1778 2952 sancti

679 2979 935 3053 Spiritus,
982 2980 1142 3051 cujus
1186 2986 1416 3035 resonat
1457 2995 1561 3052 per
1603 2993 1838 3032 ornnem

839 3061 1036 3119 Gloria
1078 3061 1377 3117 mundum.
