2164 3724
414 239 416 243 ν
451 227 470 264 1
486 215 560 268 08
829 217 907 277 In
955 218 1314 283 Conversz'one
1354 226 1418 286 S.
1447 231 1642 292 Pauli.

769 382 1028 444 Christus
1071 387 1242 447 instat
1258 410 1273 461 3
1325 393 1702 468 impotentem

771 465 1001 538 Caecat‚
1045 481 1226 544 urget,
1273 474 1496 550 dejicit:

767 546 870 605 Ille
914 551 1063 608 cedit
1106 553 1424 629 imperanti,

770 629 961 706 Seque
1003 642 1188 692 totum
1232 639 1489 714 subjicit:

762 711 1063 772 Insecutor
1104 728 1235 775 ante
1279 719 1507 792 Christi,

765 793 983 854 Praeco
1027 797 1321 858 Christum
1362 814 1651 879 personat.

765 958 919 1016 Ante
962 961 1166 1035 plenus
1210 967 1308 1039 qui
1350 969 1637 1027 minarum

766 1040 1149 1117 Praeparabat
1192 1047 1431 1121 vincula,

765 1121 823 1179 N
827 1141 939 1181 unc
982 1135 1249 1199 tremens,
1294 1150 1401 1188 nec
1439 1135 1562 1208 J‘am
1603 1134 1847 1207 rebellis,

764 1204 874 1262 Per
916 1225 1123 1284 manus
1168 1211 1496 1271 deducitur}

767 1287 885 1356 Qui
928 1289 1096 1364 lupus
1140 1311 1319 1367 rapax
1362 1295 1599 1363 furebat,

765 1368 821 1424 N
826 1388 938 1428 unc
982 1373 1041 1428 in
1084 1391 1300 1447 agnum
1343 1380 1586 1437 vertitur.

764 1534 940 1605 Dura,
988 1536 1230 1604 Christe,
1276 1559 1452 1615 quam
1493 1547 1714 1618 potenti

766 1616 959 1675 Corda
1002 1638 1194 1679 versas
1238 1622 1502 1681 dextera!

767 1699 884 1768 Qui
927 1710 1090 1758 tuum
1135 1704 1323 1760 delere
1367 1725 1583 1764 nomen

765 1781 903 1838 Vult
946 1792 1176 1842 tuorum
1220 1789 1517 1860 sanguine,

765 1862 1112 1922 Universum
1155 1886 1293 1924 mox
1338 1887 1440 1943 per
1483 1873 1685 1928 orbem

766 1945 900 2019 Ipse
945 1948 1178 2006 clarabit
1223 1968 1346 2007 suo,

767 2109 849 2165 Sit
893 2129 1162 2185 suprema
1205 2113 1327 2172 laus
1372 2115 1617 2187 Parenti‚

766 2191 884 2261 Qui
929 2195 1135 2250 creavit
1179 2196 1406 2253 omnia:

765 2273 1026 2349 Filioque
1070 2277 1168 2351 qui
1214 2279 1456 2336 redemit

766 2354 958 2413 Morte
1002 2376 1109 2416 nos
1153 2360 1351 2418 volens
1397 2381 1533 2419 sua:

765 2437 874 2493 Par
919 2449 974 2496 et
1018 2440 1110 2509 illi,
1156 2443 1318 2516 cujus
1364 2443 1517 2501 almo

768 2519 1161 2578 Confovemur
1204 2523 1396 2581 halitu

1043 2718 1133 2758 AD
1179 2718 1448 2762 LAUDES.

522 2848 689 2918 Quae
733 2853 1051 2924 gloriosum
1094 2865 1251 2912 tanta
1295 2857 1468 2914 coelis
1513 2867 1711 2912 evocat

523 2931 629 2994 Te,
678 2932 920 3005 Christe,
966 2939 1177 2994 causa?
1228 2948 1363 2994 tune
1406 2957 1631 2995 rursum
1673 2938 1852 2995 visere

519 3011 808 3071 Mundum
852 3019 1221 3092 redemptor?
1272 3029 1407 3076 tune
1449 3019 1637 3095 Judex
1682 3021 1897 3077 seculi?

522 3094 833 3155 Novumne
878 3101 1076 3173 prodis
1120 3100 1269 3158 ultor
1311 3101 1538 3158 hostem
1581 3102 1859 3175 perdere?
